2752 4170
490 295 570 352 26
1154 313 1562 356 VE'PERATOR.
1633 302 1740 365 III,
1782 305 1829 353 2.

1428 473 1661 531 onn

1572 589 1683 661 Ha,
1737 589 2028 646 Guilelme
2078 591 2174 661 mi,

539 695 665 745 [bssb]
698 686 829 744 Non
875 704 1031 744 nune
1079 689 1243 744 loeus
1290 685 1549 746 facetiis,
1646 687 1917 744 Dicteria

687 783 815 841 Tua
861 785 934 841 ad
980 790 1114 843 tuos
1160 766 1395 857 purtato
1445 785 1735 856 ἔπι-11105,
1787 786 1995 856 quibus

690 881 869 940 Voles
916 883 1131 940 iocari!

1369 1006 1712 1065 Avarus.

1201 1122 1312 1179 Vel
1362 1124 1550 1179 Deum
1599 1140 1821 1195 negare
1870 1141 1979 1196 ego

687 1220 917 1277 Possim
966 1254 1050 1262 —

1341 1343 1735 1403 Comicus,

1050 1461 1326 1519 Profecto
1375 1461 1567 1518 ferreo
1616 1462 1858 1519 collario

688 1560 940 1632 Dignus,

1383 1683 1693 1741 Avarus.

1034 1800 1164 1857 Nisi
1214 1799 1450 1857 francos
1498 1800 1723 1856 habebo
1777 1801 1894 1856 iam
1942 1817 2171 1857 novem.

1429 1941 1642 1998 onr.

580 2073 656 2109 460
687 2057 875 2130 Eheu,
927 2058 1270 2129 quiescesne
1318 2055 1536 2115 hodie?
1629 2057 1759 2115 Non
1809 2075 2091 2130 quemque
2141 2075 2210 2116 ea

686 2156 896 2212 Libido
943 2157 1174 2213 ridendi
1221 2162 1408 2228 tenet,
1460 2173 1608 2227 quae
1657 2169 1812 2213 nune
1861 2162 1921 2213 te
1970 2158 2167 2227 habet,

687 2253 769 2309 Et
816 2254 1136 2337 garriendi.

1382 2377 1702 2435 Avarus,

1134 2493 1379 2565 Amab0‚
1431 2493 1583 2550 serio
1632 2493 1853 2563 loquor.

687 2591 825 2660 Fae,
875 2591 989 2647 hue
1037 2591 1325 2663 magister
1371 2590 1587 2647 Petrus
1635 2591 1708 2647 ad
1755 2607 1847 2647 me
1898 2592 2162 2647 venerit!

1425 2732 1640 2790 onn

687 2847 845 2904 Male
892 2849 1091 2905 hercle
1137 2865 1232 2905 res
1279 2854 1481 2907 vertat
1526 2849 1669 2906 tibi!
1765 2848 1978 2906 Totum
2027 2850 2176 2905 diem

581 2963 655 2996 μιῇ
688 2944 803 3015 Sic,
856 2963 1049 3019 geme,
1099 2945 1322 3003 duces?

1379 3072 1691 3129 Avarus.

1341 3178 1491 3250 Eho,
1543 3196 1736 3235 nonne
1786 3180 1947 3236 intus
1997 3197 2119 3235 sum
2170 3196 2284 3249 ego

684 3274 858 3347 Apud
907 3275 1255 3348 magistrum
1302 3275 1589 3333 Petrum?

1421 3417 1639 3475 onr.

1563 3534 1678 3592 Ita.
1775 3531 1858 3592 Vt
1907 3536 2120 3592 malum
2168 3536 2283 3592 tibi

689 3628 895 3686 Sancti
943 3630 1289 3704 Mathurini‚
1338 3636 1541 3689 tamen
1588 3649 1680 3689 me
1729 3635 1917 3706 salva,
1969 3634 2107 3691 edat

689 3725 1063 3798 Praecordia,
1115 3728 1193 3784 ha
1241 3730 1532 3787 submissa
1578 3733 1762 3788 verba
1808 3738 1873 3788 tu
1922 3731 2080 3789 face!
