2752 4170
998 261 1401 305 AnvooA'rvs.
1486 246 1548 309 ΙΙ,
1587 251 1635 300 4.

1125 422 1186 479 Μ
1207 440 1243 479 a
1263 440 1304 496 g
1326 422 1347 478 i
1375 440 1408 480 c
1434 441 1472 480 u
1492 441 1538 481 s.

479 536 663 594 Astra
707 538 1102 610 periculosum
1153 539 1372 596 coitum
1420 540 1720 597 nuntiant.

1071 679 1596 754 Philotipus.

376 810 453 846 350
481 793 665 851 Nihil.
696 811 830 852 mea
873 795 1079 869 refert,
1128 795 1297 854 modo
1347 797 1530 854 semel
1578 796 1759 854 fruar.

481 891 608 949 Iam
656 898 752 950 sat
798 893 986 951 habeo
1035 894 1327 967 magicae.

1154 1035 1523 1109 Stilpho.

1339 1150 1494 1208 Suae
1543 1152 1772 1224 quando
1820 1152 2024 1209 herum

484 1247 597 1305 Rei
646 1247 1022 1322 admonuisti,
1072 1266 1215 1321 rogo
1265 1250 1689 1322 prognosticon

485 1346 676 1403 Huius
721 1344 949 1403 referas
997 1347 1158 1405 anni.

1140 1491 1539 1563 Magicus.

1231 1606 1476 1663 Faciam
1524 1611 1727 1664 vestra
1773 1608 1927 1663 bona

488 1703 702 1761 Fretus
752 1705 1050 1762 comitate.
1146 1705 1344 1776 Atque
1393 1705 1632 1761 initium
1680 1721 1835 1761 nunc
1883 1709 2086 1777 petam

385 1817 463 1852 355
493 1787 545 1857 A
594 1818 794 1859 mense
843 1802 1077 1863 Martio,

1181 1936 1505 2008 Stilpho.

1128 2052 1335 2110 Facito
1386 2058 1562 2125 atque
1612 2052 1862 2126 expedi.

489 2151 635 2208 Rem
684 2167 911 2209 omnem
960 2152 1177 2222 absque
1226 2152 1416 2208 mora!

1155 2294 1532 2366 MagicuS.

1450 2401 1714 2457 Ianuarii
1768 2401 1972 2457 statim

489 2498 558 2554 In
586 2499 899 2572 ‚principio
946 2499 1319 2571 prodigiosus
1369 2499 1531 2556 calor

490 2596 785 2655 Fervente
834 2614 963 2654 cum
1011 2596 1220 2654 sudore
1268 2597 1550 2669 corripiet
1596 2614 1713 2669 e08‚

493 2694 604 2763 Qui
653 2694 884 2752 Gallico
931 2695 1128 2751 morbo
1179 2694 1470 2751 laborant.

1192 2835 1513 2909 Stilpho,

1500 2942 1622 3001 Sibi
1672 2945 1861 3017 igitur

386 3060 464 3098 360
498 3041 713 3101 Omnes
763 3047 1017 3099 caveant
1066 3041 1360 3114 advocati,
1413 3059 1554 3114 quos
1600 3043 1823 3099 totiens

496 3140 731 3198 Mutare
780 3140 1061 3211 coniuges
1110 3139 1291 3195 libido
1342 3133 1523 3212 cogit.

1164 3291 1359 3363 Magi
1384 3308 1529 3349 cus.

1559 3399 1765 3457 Hiems

497 3497 649 3555 Tota
692 3496 1061 3555 umidissima
1104 3496 1548 3554 balneatoribus
1595 3497 1711 3554 erit

495 3594 621 3653 Nec
668 3595 870 3653 mitior
914 3592 1118 3650 futura
1163 3593 1558 3666 piscatoribus

497 3692 579 3750 Et
625 3694 723 3766 qui
771 3692 1132 3750 fenestratos
1178 3692 1482 3749 habebunt
1529 3693 1779 3751 calceos.

2211 248 2288 304 91
