2752 4170
1077 1058 1185 1115 Ad
1234 1057 1707 1115 Martellum.
1783 1138 1796 1153 l

335 1220 464 1270 [sub]
494 1208 732 1283 Fronte,
781 1226 1009 1286 precor,
1057 1210 1222 1266 laeta
1267 1209 1456 1267 nostri
1504 1214 1883 1266 monumenta
1930 1209 2151 1266 laboris

595 1307 848 1380 Accipe!
944 1305 1058 1364 Sed
1106 1307 1307 1364 suavis
1356 1312 1449 1365 est
1493 1312 1695 1364 tamen
1741 1307 1869 1380 ipse
1918 1307 2104 1364 labor.

486 1405 638 1463 Nam
685 1406 816 1478 quis
863 1406 923 1462 id
971 1405 1213 1462 audebit
1260 1405 1467 1462 durum
1514 1406 1781 1463 vocitare
1829 1405 2108 1476 laborem,

595 1501 759 1573 Quod
807 1519 997 1576 neque
1045 1504 1379 1576 compulsus
1428 1503 1654 1575 quodve
1704 1508 1943 1560 coactus
1992 1502 2169 1575 agas!

435 1617 457 1652 5
486 1601 617 1659 Non
665 1618 756 1658 me
804 1601 1204 1674 vaniloquum,
1254 1601 1597 1658 mendacem
1643 1618 1760 1657 non
1807 1601 2158 1658 nebulonem

595 1698 893 1757 Clamabis
939 1716 1048 1756 nec
1096 1700 1194 1756 ubi
1243 1699 1411 1771 degit
1457 1699 1519 1756 in
1566 1700 1704 1757 orbe
1749 1699 1913 1756 fides.

486 1797 777 1855 Innocuos
825 1797 952 1854 illic
999 1795 1349 1854 manifestat
1395 1797 1621 1869 pagina
1666 1797 1850 1869 1118118,

593 1894 705 1964 Qui
751 1900 814 1951 te
860 1911 970 1952 nec
1017 1896 1292 1967 repleant
1339 1895 1480 1967 igne
1530 1894 1873 1968 Cupidineo.

487 1993 698 2051 Nullas
746 1993 842 2050 hic
892 1993 1170 2050 lacrimas
1218 1993 1461 2066 emittit,
1513 1993 1706 2066 crede,
1759 1991 2030 2050 Catullus

409 2109 458 2144 10
594 2091 864 2150 Passeris
912 2093 983 2149 ob
1031 2097 1296 2164 mortem,
1348 2090 1611 2164 Cynthia
1658 2092 1822 2149 clara
1869 2091 2028 2162 silet,

489 2190 755 2248 Classica
804 2207 914 2247 nec
960 2196 1161 2248 nostro
1210 2192 1569 2248 resonabunt
1617 2191 1743 2248 ulla
1787 2190 2025 2246 theatro

596 2288 833 2360 Martia,
883 2305 992 2345 nec
1040 2287 1220 2345 feriet
1268 2288 1510 2361 cuspide
1559 2288 1711 2346 Dido
1760 2288 1937 2345 latus.

486 2386 674 2444 Tutus
722 2391 926 2443 nostra
971 2387 1138 2458 leges
1185 2387 1347 2443 nullo
1396 2385 1735 2443 madefacta
1781 2403 1985 2443 cruore

595 2482 871 2541 Carmina
917 2500 1026 2541 nec
1077 2482 1326 2541 Veneris
1374 2484 1720 2555 inlaqueata
1766 2484 1931 2541 iociS.

411 2598 460 2632 15
488 2583 571 2639 At
619 2582 669 2640 si
716 2582 808 2640 vis
856 2582 1101 2639 miseros
1149 2581 1449 2639 hominum
1498 2598 1855 2655 cognoscere
1904 2598 2112 2652 mores,

593 2679 885 2752 AstutiaS,
936 2678 1194 2750 fraudes,
1246 2681 1511 2737 carmina
1556 2685 1762 2737 nostra
1808 2680 1974 2753 lege!

486 2777 768 2850 Pingitur
813 2783 1064 2850 astutuS,
1114 2778 1328 2835 mulier
1371 2779 1727 2851 percallida3
1779 2778 2024 2851 pulchre

502 2934 507 2939 ,
596 2875 914 2934 Personam
963 2876 1260 2948 propriam
1309 2881 1519 2934 cautus
1566 2883 1814 2948 uterque
1863 2876 2039 2948 gerit.

486 2974 674 3031 Ardet
722 2990 969 3042 avarus;
1022 2979 1086 3030 at
1135 2980 1245 3046 est,
1297 2975 1396 3045 qui
1445 2975 1708 3047 surripit,
1760 2991 1897 3032 ecce
1946 2974 2251 3030 bubulcus.

408 3088 457 3124 20
598 3071 695 3130 Sic
743 3072 926 3129 miser
966 3073 1018 3128 is
1065 3072 1280 3145 perdit,
1331 3089 1596 3144 quaeque
1644 3073 1844 3129 labore
1892 3077 2084 3144 parat.

487 3169 789 3228 Convocat
835 3170 990 3227 hunc
1038 3171 1100 3226 in
1148 3171 1259 3227 ius.
1308 3170 1495 3227 Iudex
1544 3187 1673 3228 cum
1721 3169 1966 3227 reddere
2015 3168 2145 3223 iura

590 3267 814 3325 Tentat
860 3274 921 3325 et
968 3269 1039 3325 ob
1087 3266 1310 3325 furtum
1357 3284 1587 3325 sumere
1634 3268 2009 3340 supplicium,

488 3366 579 3422 En
627 3372 914 3438 patronus
963 3366 1132 3423 adest
1179 3366 1429 3438 vulpina
1474 3367 1632 3438 pelle
1683 3370 1974 3438 copertuS,

593 3462 862 3520 Consulit
910 3468 1207 3535 agrestem
1255 3466 1438 3521 verba
1486 3464 1732 3536 caprina
1779 3464 1957 3546 loqui.

406 3577 456 3611 25
486 3561 567 3618 Et
614 3561 846 3634 quando
895 3562 1061 3619 vario
1110 3563 1482 3634 complentur
1526 3561 1741 3619 iudicis
1789 3578 1961 3619 aures

595 3659 890 3732 Sermone,
940 3660 1038 3716 hic
1086 3657 1288 3716 fatuus
1336 3659 1592 3716 solvitur
1639 3659 1840 3731 opilio.

2224 1682 2261 1705 ρ

378 3795 480 3839 Lat.
511 3795 947 3839 Litteraturdonkm.
979 3799 1045 3836 15.
1952 3783 1972 3832 l
