2752 4170
1052 266 1461 324 VETERATOB..
1532 268 1610 322 ΙΙ.

1085 440 1527 499 Veterator.

462 548 739 608 Profecto
789 554 999 623 captus
1049 566 1195 613 sum,
1244 547 1391 605 mihi

461 647 587 705 Nec
635 663 800 705 mens
848 651 996 720 erat,
1047 646 1182 703 dum
1230 645 1401 718 coepi
1446 645 1566 703 iter

466 745 721 803 Habere.
817 743 931 803 Sed
980 749 1199 816 quanto
1247 743 1443 816 magis

355 861 435 896 200
467 841 674 917 Cern0,
724 842 917 915 magis
961 846 1132 900 tanto
1181 841 1379 899 allicit

301 951 435 1002 [asb]
467 940 581 999 Me.
674 940 802 998 Iam
848 956 1092 999 necesse
1141 945 1250 1013 est,
1303 956 1375 997 ex
1425 955 1494 998 eo

466 1037 558 1097 Sit
604 1038 843 1111 coniugi
892 1043 954 1097 et
998 1038 1144 1095 mihi
1167 1034 1171 1039 ’
1191 1043 1355 1110 toga.

1154 1163 1479 1221 Avarus,
1557 1167 1564 1175 '

463 1269 535 1326 In
584 1270 824 1328 officina
870 1269 1146 1342 quicquid
1194 1275 1304 1342 est,

466 1367 655 1425 Tuum
702 1373 813 1442 est,
863 1368 1009 1425 licet
1055 1367 1310 1441 pecunia

356 1482 440 1518 205
472 1465 646 1523 Omni
695 1481 947 1525 careres·

1141 1589 1183 1647 C
1198 1608 1229 1647 o
1245 1607 1302 1647 m
1319 1590 1384 1646 ic
1397 1608 1433 1647 u
1452 1606 1498 1647 s.

1013 1696 1311 1770 Plaudite,

472 1802 535 1862 Si
581 1806 831 1863 liberale
878 1804 1130 1878 protulit

462 1911 729 1969 ‘Verbum
774 1930 953 1970 unum
999 1912 1269 1969 Avarus!

1107 2035 1530 2094 Veterator.

1322 2142 1392 2200 Id
1439 2144 1622 2216 probe

471 2241 645 2315 Novi,
696 2241 850 2299 unde
899 2240 1130 2314 gratias
1179 2258 1311 2314 ag0.

1165 2367 1218 2422 A
1236 2383 1275 2424 v
1291 2383 1327 2422 a
1341 2383 1371 2421 r
1388 2383 1424 2422 u
1439 2382 1486 2423 s,

470 2472 579 2530 Vis
627 2472 863 2531 scilicet
910 2472 982 2531 de
1027 2473 1138 2530 hoc
1171 2489 1379 2545 perseo
1400 2470 1428 2528 ἱ)

1106 2597 1541 2654 Veterator.

360 2723 441 2758 210
475 2704 592 2763 Sic.
688 2703 802 2763 Sed
848 2703 1004 2776 vide,
1055 2703 1245 2777 sodes,
1295 2703 1481 2777 priuS,

472 2802 691 2872 Quanti
738 2802 882 2859 ulna
930 2801 1228 2859 constabit
1274 2801 1458 2858 mihi!

1172 2935 1226 2990 A
1241 2951 1280 2991 v
1292 2951 1327 2990 a
1340 2951 1416 2990 ru
1431 2951 1476 2991 s,

471 3042 579 3100 Vis
627 3042 779 3100 scire
827 3043 1007 3100 verbo
1058 3058 1172 3098 uno
1185 3039 1214 3097 *Ρ

1115 3165 1533 3223 Veterator.

1233 3269 1403 3328 Volo.

1166 3398 1481 3454 AvaruS.

474 3503 582 3561 Pol
628 3505 773 3560 ulna
818 3503 1041 3575 viginti
1088 3504 1199 3560 tibi

475 3600 782 3659 Vendetur
827 3607 1004 3672 atque
1056 3606 1335 3672 quattuor

366 3715 447 3751 215
476 3698 817 3772 Argenteis.
913 3699 1100 3772 Velis,
1152 3698 1319 3756 vide!

2202 261 2290 318 13
