2752 4170
904 286 1310 329 VETERATOR.
1384 273 1492 335 HI,
1533 275 1582 325 2.

445 446 648 520 Credo,
700 447 985 519 quiescit;
1037 446 1279 519 paulum
1328 462 1460 502 eum
1510 445 1670 517 oepit
1717 461 1905 516 sopor.

437 546 615 619 Inops
662 546 914 618 laborat,
965 545 1061 616 ah,
1111 544 1311 601 dolore
1359 547 1484 599 tam
1532 542 1738 615 gravi!

1109 686 1452 744 Avarus

441 794 584 863 Quis
630 793 726 853 is‘?

1168 915 1398 973 onn

780 1023 1072 1096 Magister
1118 1022 1351 1095 Petrus,
1403 1023 1555 1079 hem.

1119 1165 1463 1222 Avarus,

1577 1271 1748 1341 Quid,
1799 1290 1915 1329 non
1964 1274 2130 1331 modo

333 1388 412 1424 445
443 1371 720 1428 Revertit
767 1388 803 1427 a
849 1388 940 1427 me
989 1387 1093 1428 sex
1141 1370 1365 1426 habens
1413 1370 1597 1442 panni
1645 1371 1760 1427 mei

437 1466 664 1526 Vlnas‘?

1169 1592 1222 1648 V
1242 1610 1280 1649 x
1301 1609 1332 1649 o
1351 1609 1400 1649 r.

694 1698 773 1771 Is,
825 1700 1064 1757 obsecro
1090 1696 1118 1753 ⁴?

1124 1823 1468 1881 Avarus,

1142 1929 1383 2003 Hercle,
1434 1948 1591 1989 nuno
1639 1949 1829 2005 nuper
1874 1934 2070 2003 rediit,

440 2028 688 2087 Paulum
737 2029 904 2087 modo
954 2033 1153 2088 exstat
1199 2029 1504 2102 temporis.
1599 2029 1721 2089 Vos
1769 2048 1860 2088 me
1910 2032 2086 2090 nimis

442 2127 772 2185 Moramini.
869 2128 1164 2201 Expedite
1211 2145 1323 2200 me7
1375 2134 1690 2201 argentum
1739 2130 1875 2187 date

441 2225 572 2282 Cito
620 2226 783 2298 mihi,
836 2226 1003 2283 ludos
1052 2243 1277 2298 quoque
1326 2226 1473 2283 istos
1521 2228 1779 2284 mittite!

1171 2349 1410 2408 onn

324 2474 406 2510 450
440 2455 701 2514 Vadisne
749 2455 945 2514 nuno?
992 2457 1124 2513 Non
1173 2459 1476 2529 garriendi
1526 2465 1758 2532 tempus
1806 2467 1916 2517 est.

1108 2600 1161 2655 A
1183 2617 1221 2656 v
1245 2618 1280 2656 a
1299 2618 1328 2656 r
1347 2619 1386 2657 u
1408 2617 1453 2658 S.

441 2704 594 2763 Cedo
643 2723 834 2763 meum
882 2708 1226 2778 argentum!

1088 2829 1487 2890 Comicus,

1243 2939 1482 2995 Tuum?
1531 2940 1800 2996 Nondum
1849 2947 2032 3012 tuum,

437 3033 552 3092 Sed
600 3035 861 3092 debitum
909 3036 1039 3093 tibi.

1101 3161 1469 3219 Avarus.

1102 3267 1261 3326 Esne
1309 3269 1547 3326 stulta?
1593 3268 1778 3340 Atqui
1826 3285 2033 3325 novem

435 3364 651 3422 Librae
699 3365 843 3421 mihi
893 3365 1198 3422 debentur.

1091 3507 1484 3566 Comicus,

1253 3616 1450 3686 Atque
1499 3615 1561 3671 in
1608 3619 1925 3688 posterum,

330 3763 338 3772 .
438 3711 522 3768 Vt
569 3713 760 3785 ored0‚
811 3713 1196 3770 debebuntur.

2170 265 2250 322 25
