2752 4170
443 255 525 310 74
1080 269 1483 315 ADVOOATvs.
1567 256 1614 323 Ι,
1657 258 1714 323 1;
1753 258 1803 309 2.

1318 429 1683 488 Racilia.

1613 535 1816 593 Laudo
1863 541 1953 593 te‘

651 636 901 693 Rectam
947 641 1117 693 tenes
1164 640 1440 692 mentem.
1533 635 1783 692 Domum
1831 580 2163 692 eon'verrito

649 733 732 790 Et
778 734 1029 791 lectulos
1078 738 1141 791 et
1186 749 1428 790 scamna
1473 749 1666 805 purga
1713 737 1773 789 et
1820 731 2049 789 fercula

544 909 548 919 Ι
651 830 900 903 Coquas.
994 830 1221 888 Redibo
1270 832 1589 904 extemplo.

1258 955 1310 1010 A
1338 972 1376 1010 n
1396 960 1424 1011 t
1444 954 1465 1010 i
1484 971 1521 1027 p
1542 955 1581 1010 h
1609 954 1746 1011 ila.

1609 1060 1783 1118 Nune
1831 1061 2151 1119 curabitur.
2203 1069 2207 1073 “

571 1177 621 1212 55
653 1159 766 1218 Sed
813 1166 894 1233 te,
944 1176 1169 1233 precor,
1219 1177 1293 1217 ne
1343 1165 1615 1217 conteras
1664 1176 1806 1216 eura
1853 1159 2044 1231 gravi.

645 1257 1080 1315 Incommodam
1128 1263 1344 1314 sortem
1393 1256 1552 1314 feras
1600 1258 1793 1313 animo
1840 1258 1989 1313 bono

648 1356 845 1428 Atque
894 1360 1023 1412 arte
1073 1355 1337 1426 corrigas
1386 1355 1604 1412 malum
1652 1353 1961 1411 eventum!

1316 1479 1679 1536 Racilia.

2038 1569 2203 1624 Dabo

647 1665 890 1723 Omnem
938 1683 1194 1737 operam.
1290 1666 1381 1722 Tu
1427 1666 1659 1723 interea
1705 1667 1954 1725 observa
2000 1664 2225 1723 focum!

644 1763 737 1820 En
784 1764 1047 1836 proximo
1095 1765 1224 1821 loeo
1275 1764 1461 1820 colam
1511 1764 1665 1820 hune
1713 1764 2028 1821 hortulum.

566 1878 616 1912 σο
648 1860 710 1918 Si
759 1862 889 1934 quis
934 1848 1111 1919 volet*
1147 1878 1257 1934 me,
1310 1862 1637 1919 accersito!

1260 1986 1737 2059 Antiphila.

1713 2092 1810 2151 Sic
1857 2092 2072 2151 fecero.

643 2191 815 2249 Nune
862 2191 1099 2263 ingredi
1143 2195 1312 2247 reeta
1359 2191 1590 2248 domum
1638 2196 1729 2248 est
1776 2191 2093 2265 sententia,

642 2289 733 2346 Ne
781 2289 918 2361 quid
965 2305 1264 2347 reversam
1310 2289 1515 2346 heram
1563 2290 1772 2346 obruat
1820 2289 2178 2361 contagium.

1313 2413 1678 2471 Racilia.

643 2520 786 2589 Quis
833 2520 1367 2602 ultimagraditur
1414 2519 1559 2577 via?
1654 2519 1851 2577 Clitho
1901 2527 2011 2594 est,
2062 2537 2224 2578 meus

643 2617 911 2675 Vicinus
1006 2617 1328 2690 Adloquar,
1381 2619 1563 2706 sciam
1611 2623 1695 2691 ut,
1747 2618 1885 2691 quid
1934 2618 2206 2675 disserat.

1046 2811 1300 2870 ACTVS
1347 2813 1397 2869 I.
1494 2811 1804 2870 SCAENA
1855 2813 1935 2871 H.

820 2954 1147 3028 (nitho,
1197 2955 1451 3013 vicinus
1501 2955 1878 3029 Racilia‚
1929 2961 2218 3013 matrona.

1355 3097 1643 3154 ClithO.

561 3221 611 3255 65
646 3204 726 3261 Vt
772 3205 940 3261 nulla
986 3204 1265 3276 voluptas
1313 3204 1413 3260 diu
1462 3221 1590 3262 esse
1639 3212 1743 3261 aut
1790 3205 2028 3277 integra

639 3301 866 3376 Potest,
916 3319 1106 3374 neque
1156 3307 1248 3360 est
1294 3303 1606 3374 quiequam
1655 3302 1924 3375 solidum,
1976 3302 2125 3375 quod
2173 3303 2304 3362 dies

638 3399 1013 3472 Tempusque
1053 3416 1172 3457 non
1220 3405 1541 3457 commutet
1585 3399 1759 3457 ilieo!
1808 3401 2007 3457 Antea

639 3496 836 3554 onre
885 3498 1117 3569 gratius
1164 3514 1280 3555 non
1329 3502 1489 3568 erat3
1540 3498 1776 3556 tristius

639 3593 811 3650 Nune
860 3600 953 3651 est
998 3594 1150 3651 nihil
1198 3611 1309 3652 nee
1356 3595 1546 3652 ullius
1585 3596 1790 3653 taedet
1835 3597 2027 3668 magis

564 3705 613 3739 το
643 3689 775 3745 Rei.
868 3690 1144 3749 Profecto
1191 3693 1302 3750 hoo
1351 3692 1572 3749 dieitur
1616 3710 1786 3750 vere:
1836 3693 2105 3752 Omnium
