2752 4170
1052 263 1458 307 ADvooA'rvs
1533 249 1601 316 V,
1639 253 1687 304 2.
2185 245 2307 306 119

1172 442 1538 499 Racilia.

1356 548 1444 606 Te
1493 566 1603 621 ego
1651 565 1780 606 meo

395 666 473 703 ⁷⁰5
503 648 720 706 Marito
771 653 833 705 et
880 648 1098 705 amoris
1145 664 1273 706 sum
1319 664 1428 705 usa
1474 647 1789 720 participe,

503 747 634 804 Non
681 746 997 820 mancipio.

1069 861 1645 946 Timonaclius.

962 1001 967 1008 ·
1023 968 1167 1042 Ohe‚
1216 968 1579 1041 mancipium
1625 973 1718 1027 est
1763 967 2039 1042 feminae,

506 1067 869 1139 Quicumque
917 1083 1048 1124 eam
1096 1067 1261 1124 ducit
1307 1067 1423 1124 sibi
1469 1083 1730 1124 uxorem.
1823 1066 1936 1123 Die

506 1165 596 1222 Ac
642 1171 815 1222 nocte
866 1181 1010 1239 opus
1058 1166 1267 1228 volunt
1312 1164 1462 1221 fieri.
1554 1164 1704 1222 Tum
1752 1170 1948 1222 autem
1999 1165 2092 1222 ubi
2183 1178 2188 1184 ·

506 1264 595 1320 Tu
642 1265 729 1320 nil
778 1264 1030 1337 amplius
1077 1280 1277 1336 queas,
1328 1262 1549 1319 adeunt
1597 1263 1765 1337 alios,

401 1380 479 1415 770
509 1362 621 1431 Qui
667 1379 826 1419 more
875 1363 1213 1419 cuculorum
1261 1361 1323 1416 in
1372 1360 1631 1418 alienum
1680 1378 1786 1418 sua

509 1458 723 1516 Nidum
771 1477 883 1519 ova
931 1463 1286 1531 supponunt.

1106 1592 1622 1665 Philotipus.

1284 1700 1597 1758 Faciamus
1644 1701 1792 1758 haec

511 1798 637 1854 Iam
684 1798 884 1855 missa.
977 1798 1164 1855 Tuum
1224 1815 1333 1871 ego
1385 1816 1477 1857 me
1539 1799 1800 1856 animum
1854 1816 2084 1872 semper
2131 1799 2325 1857 fateor

513 1896 594 1952 Et
641 1895 978 1952 comitatem
1027 1896 1222 1954 uxoris
1269 1897 1575 1955 adamasse
1624 1902 1800 1970 atque
1848 1898 1936 1954 ita

514 1992 755 2067 Tamen,
805 1993 916 2050 tibi
963 2011 1037 2051 ne
1083 2011 1179 2053 res
1226 1994 1382 2053 foret
1428 1994 1732 2054 infamiae.

1076 2110 1649 2169 Timonachus

410 2233 487 2270 ⁷⁷5
520 2217 706 2287 Quam
751 2235 875 2275 rem
924 2218 1122 2290 superi
1169 2218 1253 2274 dii
1300 2220 1413 2275 tibi
1461 2226 1703 2277 vertant
1750 2221 1935 2277 male!

1190 2333 1246 2390 R
1265 2351 1301 2390 a
1322 2352 1352 2391 c
1374 2335 1395 2390 i
1416 2335 1438 2390 l
1459 2336 1479 2391 i
1501 2354 1556 2392 a.

514 2439 763 2512 Quaem,
812 2440 1183 2498 voluntatem
1230 2441 1356 2499 eius
1406 2442 1576 2499 audi!

1108 2573 1626 2649 Philotipus.

1598 2684 1954 2758 Perpetuam

517 2777 579 2836 Si
629 2777 887 2850 gratiam
936 2794 1007 2835 ac
1053 2795 1336 2852 magnam
1382 2782 1859 2841 benevolentiam

516 2877 683 2933 Inter
727 2894 833 2934 nos
882 2893 1009 2935 esse
1058 2879 1211 2936 velis
1257 2879 1455 2952 potius
1503 2897 1675 2951 quam
1723 2882 1859 2939 aliis

517 2975 637 3032 Nos
685 2991 813 3032 esse
861 2975 1134 3050 ludibrio,
1183 2977 1333 3035 meis
1382 2979 1711 3051 sumptibus
1760 2996 1871 3052 ego

412 3089 491 3126 τεο
520 3072 769 3130 Vestros
817 3075 973 3131 alam
1021 3092 1268 3149 amores,
1319 3075 1454 3132 dum
1501 3077 1646 3134 mihi
1692 3078 1939 3136 haerere
1986 3079 2139 3151 apud

518 3170 775 3228 onrem
822 3170 1025 3243 aliqua
1073 3190 1145 3229 ex
1192 3178 1362 3246 parte
1414 3174 1596 3232 liceat
1642 3180 1825 3232 tuam.

518 3268 897 3341 Negotiatori
946 3270 1126 3326 etiam
1159 3272 1473 3344 pecuniam
1520 3272 1759 3330 reddam
1809 3290 1991 3346 suam,

520 3365 603 3423 Vt
648 3367 742 3424 his
790 3367 1044 3427 desistat
1090 3369 1318 3427 litibus.

1187 3485 1241 3541 R
1262 3504 1298 3543 a
1318 3487 1430 3543 cil
1451 3487 1472 3543 i
1494 3504 1550 3543 a,

1304 3584 1309 3589 ’
1371 3591 1648 3650 Postulat

520 3688 807 3763 Aequum,
857 3689 1071 3747 marite
1117 3690 1226 3761 mi;
1279 3696 1340 3748 et
1386 3696 1550 3769 tuam
1598 3697 1759 3750 certe
1809 3691 1982 3749 decet
