2752 4170
831 249 848 307 ’.
915 258 1318 302 VETERATOR.
1392 245 1503 313 ΙΙΙ,
1544 248 1593 303 2.
2186 240 2266 297 33

454 420 766 494 Extemplo
796 389 1401 477 'comminiscerentur
1446 419 1560 476 huc
1606 419 1723 475 mei

454 517 645 577 Causa
690 517 897 576 venire
943 523 1026 574 te.
1119 517 1151 575 I
1196 515 1385 574 foras!
1435 516 1653 573 Medici
1701 516 1841 574 ilico

451 616 582 673 Huc
630 616 925 675 venerint.
1020 614 1170 673 Nolo
1219 615 1348 672 dari
1397 615 1620 671 hancce
1667 630 1791 671 rem
1838 613 2012 671 malo,

1100 738 1143 796 C
1167 757 1198 796 o
1219 757 1276 796 m
1296 739 1316 794 i
1339 756 1371 796 c
1396 756 1436 795 u
1457 755 1503 796 S.

451 848 756 920 Astatiae,
806 847 962 920 vide,
1015 846 1152 918 quid
1200 851 1293 904 est
1339 847 1402 902 in
1451 845 1704 903 femina!

1123 991 1473 1047 Avarus,

341 1114 423 1149 575
453 1097 619 1155 Eone
668 1114 794 1154 sum
842 1097 958 1154 loci
1006 1096 1300 1169 redactus,
1351 1100 1419 1152 ut
1465 1095 1583 1152 iam
1630 1095 1729 1152 ubi

457 1194 578 1252 Sim
624 1193 932 1252 nesciam?
1001 1194 1220 1251 Hercle
1268 1194 1354 1250 sic
1402 1195 1701 1266 putabam.
1796 1192 1949 1250 Num
2000 1208 2268 1250 anserem

452 1293 591 1364 Igni
641 1309 836 1350 assum
883 1290 1163 1349 habetis?

1190 1416 1431 1473 onn

1084 1523 1190 1580 ‘Ha
1234 1521 1433 1596 petis?
1480 1522 1735 1579 Pulchre
1783 1523 1948 1580 cibus

451 1623 566 1680 Est
613 1627 787 1694 aptus
835 1621 1118 1695 aegrotis.
1211 1621 1310 1678 Ita
1356 1637 1597 1678 anseres
1642 1625 1776 1678 tuos

454 1720 537 1778 Es
588 1720 748 1778 solus
796 1725 858 1777 et
904 1737 1020 1778 non
1068 1719 1265 1777 rideas
1314 1719 1411 1776 hic
1459 1719 1598 1777 nos!
1648 1718 1841 1776 Nimis

346 1837 426 1871 580
458 1818 540 1876 Es
588 1819 782 1876 laetus
829 1818 1030 1875 hercle
1079 1823 1140 1874 et
1187 1818 1431 1890 otiosuS,
1482 1817 1581 1888 qui
1629 1818 1743 1874 huc
1791 1816 1948 1874 feres

453 1917 789 1974 Lasciviam
840 1917 1035 1974 istam.

1133 2041 1479 2099 Avarus.

1117 2147 1250 2220 Orc,
1300 2148 1448 2205 mihi
1494 2148 1730 2206 veniam
1778 2148 1944 2205 dato!

456 2245 562 2302 Pol
612 2246 947 2303 arbitrabar
993 2246 1150 2304 istud
1200 2263 1329 2304 esse
1378 2246 1464 2303 sic
1513 2247 1703 2303 adhuc

289 2355 421 2406 [ab]
455 2343 692 2401 Hercle.
788 2344 900 2417 Ha,
952 2344 1088 2415 quid
1137 2343 1292 2401 hoc?

1029 2500 1035 2504 ·
1107 2485 1149 2542 C
1172 2506 1203 2542 0
1225 2503 1281 2542 m
1304 2487 1322 2541 i
1351 2504 1382 2542 c
1405 2504 1440 2542 u
1463 2502 1508 2543 s.

1308 2593 1638 2666 Perplexus
1685 2597 1795 2651 est.

1128 2738 1472 2793 Avarus.

1688 2843 1815 2900 Iam
1864 2844 2011 2900 illud
2061 2844 2266 2901 sciam.

457 2939 632 2997 Certo
682 2940 822 3012 scic,
874 2942 1024 3011 quod
1074 2958 1175 2999 sex
1224 2943 1442 2999 habere
1492 2943 1734 2999 debeam

346 3054 426 3090 585
462 3037 647 3095 Vlnas
694 3038 756 3094 in
804 3056 924 3095 una
970 3040 1219 3109 lamina3
1273 3040 1375 3096 sed
1424 3039 1647 3096 femina

456 3135 757 3208 Dirumpit
802 3137 991 3194 istaec
1038 3135 1307 3194 funditus
1355 3154 1589 3195 sensum
1637 3153 1847 3194 meum.

460 3233 758 3290 Habuitne
807 3233 948 3292 eas?
998 3234 1171 3292 Certe
1219 3251 1408 3307 neque
1456 3235 1657 3292 hercle
1704 3251 1821 3291 non
1868 3240 2086 3307 potest.

458 3330 595 3388 Vidi
644 3332 771 3404 ipse
819 3337 1083 3404 mortem,
1135 3350 1282 3403 quae
1333 3334 1451 3389 iam
1500 3333 1560 3389 in
1609 3332 1888 3390 extremis
1936 3349 2068 3389 eum

456 3430 700 3501 Pungit.
795 3429 905 3486 Vel
957 3431 1083 3503 ipse
1128 3431 1305 3503 fingit
1352 3431 1430 3487 id.

1108 3572 1150 3630 C
1173 3591 1205 3631 ο
1227 3592 1281 3630 m
1304 3574 1323 3629 i
1345 3590 1375 3630 c
1397 3591 1433 3629 u
1449 3589 1495 3630 s.

1589 3679 1946 3738 Percallide.

346 3807 448 3850 Lat.
480 3805 914 3851 Litteraturdenkm.
944 3813 1008 3848 15.
1916 3803 1948 3853 3
