2752 4170
1107 266 1517 311 VETERATOR.
1585 255 1630 319 Ι,
1671 258 1729 322 23
1756 257 1805 313 3.

558 442 608 478 65
640 425 698 482 Si
750 427 994 498 ignarus
1041 428 1296 485 omnium
1343 430 1625 486 bonarum
1673 445 1736 485 es
1767 426 2018 496 artium,

637 523 863 581 Morum
908 525 1187 581 bonorum
1234 527 1487 599 nescius,
1536 527 1700 584 vitae
1746 524 1921 597 modi,
2026 597 2036 605 δ

638 620 698 678 Si
749 637 900 694 spes,
950 627 1142 680 metus
1188 627 1250 680 te
1298 629 1504 697 angat,
1555 624 1721 683 dolor
1769 622 1868 680 vel
1917 606 2221 694 gaudium,

636 719 777 776 Fias
825 736 1048 792 egenus
1095 720 1231 778 iude
1279 738 1517 794 prorsus
1565 727 1627 779 et
1672 721 1891 778 malam

633 817 704 874 In
753 818 1101 875 servitutem
1146 820 1504 877 retraharis!
1555 819 1675 876 Hui
1720 818 1886 891 mihi,

556 933 607 968 το
638 914 782 972 Cum
827 916 1050 973 talibus
1095 918 1418 976 tortoribus
1463 922 1525 975 te
1573 917 1815 974 iactitas

637 1013 834 1086 Vulgo
883 1013 1053 1071 deum
1099 1016 1197 1072 vel
1245 1014 1537 1073 liberum?
1584 1015 1836 1087 Ligatus
1885 1030 1947 1071 es

638 1110 802 1168 Collo
852 1117 1236 1185 eatenamque
1282 1114 1474 1171 trahis
1522 1114 1856 1171 mehercule

635 1209 792 1267 Tuos
840 1214 1173 1267 secuturam
1220 1212 1420 1285 pedes,
1472 1227 1831 1283 quocumque
1880 1226 2000 1267 eaS.

478 1317 603 1368 [am]
636 1308 796 1380 Ergo
844 1308 980 1365 vide
1028 1309 1128 1382 sis,
1176 1314 1238 1365 te
1287 1325 1416 1367 esse
1462 1310 1644 1366 talem
1691 1325 1764 1365 ne
1813 1306 1991 1365 feras.

556 1422 606 1457 75
634 1404 887 1463 Praesta
932 1412 992 1464 te
1041 1423 1191 1479 eum,
1242 1408 1339 1478 qui
1389 1409 1602 1465 saltem
1650 1422 1796 1479 agas
1844 1406 1998 1463 liber
2042 1405 2287 1461 brevem

636 1503 839 1561 Vitam
886 1504 1059 1578 hano,
1108 1506 1207 1562 vel
1256 1505 1485 1579 (audin)
1533 1503 1709 1578 faxiS‚
1758 1510 1823 1561 ut
1872 1503 2049 1560 libet!
2100 1500 2273 1557 Nihil

638 1602 849 1675 Moror,
899 1602 1000 1660 via
1047 1608 1138 1659 est
1186 1608 1416 1676 aperta,
1467 1620 1616 1674 quae
1665 1608 1957 1659 monstrat,
2001 1601 2112 1657 tibi

640 1699 997 1772 Voraginem
1047 1705 1223 1772 atque
1272 1686 1649 1773 quaestiones
1694 1700 1965 1757 horridas

637 1797 870 1855 Minois,
963 1798 1048 1854 At
1095 1799 1145 1855 si
1193 1816 1284 1856 me
1330 1815 1524 1871 rogeS‚
1573 1798 1685 1855 tibi
1733 1798 1843 1855 hoe
1891 1798 2071 1854 habe:

556 1911 608 1947 so
637 1894 787 1952 Volo
834 1902 1104 1954 vetustas
1153 1897 1391 1953 litteras
1439 1897 1714 1954 evolvere

636 1993 1016 2067 Frequenter,
1067 2000 1134 2051 ut
1179 1995 1554 2067 prudentiam
1604 1994 1740 2050 inde
1791 2009 2140 2065 comparem.

636 2092 901 2163 Longam
950 2093 1093 2149 mihi
1143 2093 1423 2165 deinceps
1470 2094 1664 2150 virum
1710 2093 1897 2150 vitam
1945 2092 2080 2149 volo

635 2190 825 2263 IntuS‚
874 2188 1038 2268 foris,
1088 2195 1285 2264 noctu,
1337 2191 1458 2264 diu,
1506 2192 1730 2265 procul,
1780 2207 1980 2263 prope,

639 2286 941 2345 Postremo
990 2288 1064 2345 ad
1112 2306 1369 2361 unguem
1418 2288 1747 2360 conspicari
1796 2288 2009 2345 lucidis

558 2384 840 2442 ⁸5-Oeulis
886 2387 1229 2458 patentibus
1276 2403 1521 2459 quoque,
1572 2393 1656 2460 ut,
1708 2402 1855 2458 quae
1903 2386 2106 2457 legero

641 2482 853 2556 Libris,
904 2501 1111 2555 queam
1160 2501 1222 2541 re
1271 2487 1648 2557 comprobare
1698 2490 1758 2542 et
1805 2483 2065 2555 exsequi.

640 2579 804 2650 Quod
852 2587 1011 2639 certe
1060 2583 1275 2639 habere
1326 2583 1545 2640 elarius
1593 2599 1761 2639 nemo
1808 2586 2005 2654 potest

641 2678 826 2747 Quam
873 2680 1197 2752 diiigenter
1241 2680 1480 2738 intuens
1527 2697 1717 2738 mores
1763 2680 1975 2737 virum.

642 2776 800 2845 Quos
848 2784 1027 2835 antea
1074 2778 1187 2835 etsi
1235 2778 1506 2851 viderim,
1556 2779 1804 2850 posthae
1850 2782 2049 2835 tamen

560 2892 611 2926 90
644 2874 867 2932 Videbo
916 2863 1095 2948 longe*
1142 2877 1431 2933 attentius
1479 2877 1549 2933 de
1597 2877 1907 2935 industria.

493 3067 613 3112 [εδει]
1093 3052 1346 3110 ACTVS
1393 3053 1442 3112 I.
1539 3052 1848 3111 SCAENA
1897 3052 2008 3109 III.

970 3168 1383 3226 Veterator.
1480 3168 1686 3225 onr.
1783 3166 2124 3224 ComicuS.

1334 3283 1760 3340 Veterator.

643 3391 806 3449 Heus
853 3398 938 3465 tu,
989 3391 1183 3448 omnia
1232 3390 1380 3447 haee
1428 3390 1567 3446 hine
1616 3387 1787 3446 aufer
1832 3389 2020 3446 ocius!

1450 3513 1657 3572 onn

1755 3601 1973 3659 Parum
2020 3608 2133 3660 est.

645 3690 795 3760 Quid
844 3690 1146 3749 auferam?
