2752 4170
992 298 1404 342 VETERATOR.
1470 284 1539 348 V,
1583 286 1629 336 1.

1157 460 1506 515 Avarus

474 568 650 640 Ecce,
702 584 812 640 ego
861 569 934 624 ab
981 567 1086 623 illo
1134 565 1272 637 quid
1319 569 1539 637 petam.
1591 551 1596 554 ’

314 667 442 728 [ezei]
473 666 594 723 Res
641 671 734 723 est
779 666 887 724 ita.
979 663 1187 722 Istune
1232 678 1419 734 usque
1467 678 1577 734 ego

336 781 444 818 1010
472 765 689 821 Amore
734 762 976 820 maximi
1022 762 1138 819 Dei

473 861 736 921 Nutrivi.
830 859 949 917 Vbi
997 858 1252 931 cognovi
1300 875 1434 915 eum

476 959 761 1016 Adultum
808 964 872 1016 et
918 958 1081 1031 agris
1128 961 1264 1029 post
1313 971 1451 1013 oves

476 1057 639 1126 Quod
686 1061 887 1129 posset
934 1055 987 1113 is
1035 1054 1387 1127 discurrere,

476 1155 617 1212 Feci
663 1160 732 1211 ut
777 1170 940 1212 meus
987 1157 1192 1226 pastor
1238 1150 1412 1224 foret,

341 1270 447 1322 1015
478 1253 760 1311 Servaret
804 1257 871 1309 ut
918 1268 1112 1309 meum
1157 1266 1358 1323 pecus

480 1350 613 1424 Sed,
662 1366 878 1423 magne
926 1349 1124 1421 iudex,
1174 1348 1284 1405 hoe
1329 1353 1496 1404 tuum

477 1449 627 1505 Mihi
671 1448 934 1505 tribunal
980 1451 1138 1505 teste
1187 1446 1286 1518 sit,

477 1546 591 1604 Tot
638 1546 766 1620 ipse
812 1550 1086 1602 mutones
1133 1544 1278 1600 mihi

479 1643 634 1701 Oves
680 1649 773 1700 tot
819 1642 1132 1715 obsorpsit‚
1183 1647 1322 1713 quot
1369 1640 1422 1697 is
1457 1674 1542 1681 —

1184 1773 1478 1830 Iudex.

342 1902 450 1937 1020
479 1884 609 1941 Eho
656 1883 1002 1957 parumper!
1096 1882 1192 1936 An
1240 1880 1350 1937 tibi

480 1981 703 2054 Operas
752 1982 1057 2039 locaverat
1108 1977 1288 2035 suas?

1089 2103 1144 2160 V
1172 2122 1202 2161 e
1223 2109 1250 2161 t
1271 2121 1302 2161 e
1323 2122 1355 2160 r
1373 2121 1410 2159 a
1427 2108 1454 2160 t
1475 2120 1507 2159 o
1527 2120 1575 2159 r.

480 2214 732 2283 Verum3
783 2213 835 2271 si
882 2212 1037 2269 enim
1086 2211 1177 2267 illi
1228 2211 1485 2267 rusticus

480 2311 904 2383 Negotiabitur
949 2309 1078 2367 sine

482 2409 885 2467 Conduotione
931 2440 1019 2448 —
1066 2422 1071 2429 ·

1160 2532 1274 2588 Av
1302 2546 1512 2588 arus,

1027 2638 1198 2711 Hem,
1247 2637 1467 2710 possim
1517 2653 1627 2708 ego

313 2750 449 2802 [θεὴ]
481 2739 672 2796 Deum
718 2754 960 2810 negare,
1010 2737 1074 2793 ni
1120 2741 1186 2793 tu
1234 2737 1286 2793 is
1334 2736 1427 2792 es!

1195 2877 1472 2934 Iudex

482 2985 568 3042 Vt
614 2986 873 3043 sustines
922 2986 1044 3042 alte
1091 2982 1372 3041 manum?

483 3083 636 3152 Quid
682 3085 812 3157 hoe,
862 3083 1152 3155 magister
1195 3081 1395 3154 Petre⁷
1447 3081 1555 3138 eho

484 3183 710 3240 Dentes
756 3182 868 3239 tibi
917 3178 1163 3238 dolent?

1096 3322 1572 3380 Veterator.

1215 3429 1332 3486 Ita.

482 3529 631 3584 Tale
677 3526 943 3585 inferunt
989 3528 1209 3584 bellum
1255 3527 1421 3599 mihi,

339 3644 455 3680 1030
486 3625 570 3682 Vt
615 3642 823 3698 passus
871 3642 1127 3696 unquam
1173 3641 1289 3682 non
1340 3625 1450 3681 sim
1500 3639 1611 3695 ego

488 3723 676 3781 Morbi
724 3722 980 3781 furorem
1027 3727 1149 3779 tam
1198 3739 1461 3794 gravem.

2202 274 2298 335 55.
