2752 4170
398 238 482 297 90
1084 256 1486 300 ADvocATVS.
1573 240 1636 300 11,
1674 244 1725 293 4.

505 432 582 468 336
613 415 791 474 Cuius
839 417 1088 474 maritus
1136 433 1324 490 nuper
1371 417 1610 489 aufugit
1657 417 1897 474 tacitus.

612 513 802 571 Huius
850 515 995 571 mihi
1042 515 1230 572 vitam
1279 520 1384 572 aut
1430 523 1674 573 mortem
1722 514 2103 587 praenuntia!

1172 681 1179 686 ·
1262 656 1595 728 Magicu
1621 675 1667 714 s.

611 762 797 821 Tace!
894 761 1000 821 Sat
1045 764 1252 821 habeo,
1348 763 1518 819 Nunc
1564 767 1630 819 tu
1678 780 1868 821 meum
1916 762 2132 834 excipe·

615 860 890 918 Sensum!
990 859 1301 933 Superstes
1349 868 1552 918 manet
1597 861 1787 917 adhuc
1834 859 2104 917 Raciliae

613 958 900 1016 Coniunx.

1206 1084 1255 1140 P
1275 1085 1313 1140 h
1336 1085 1355 1140 i
1384 1085 1457 1140 lo
1479 1089 1506 1140 t
1526 1084 1545 1139 i
1567 1101 1603 1156 p
1630 1101 1665 1139 u
1692 1100 1738 1141 S.

938 1190 1161 1247 Malum
1209 1192 1319 1247 hoc
1365 1189 1761 1264 praesagium.

1272 1334 1331 1389 M
1354 1351 1390 1390 a
1418 1352 1457 1405 g
1478 1334 1496 1389 i
1524 1350 1554 1390 c
1574 1351 1611 1389 u
1631 1351 1678 1391 s,

1790 1438 2014 1511 Nempe
2061 1440 2407 1498 monachus

511 1554 587 1590 340
616 1537 836 1595 Factus
887 1539 1239 1595 cucullatus.

1207 1663 1256 1719 P
1280 1663 1361 1720 hi
1390 1665 1412 1720 l
1438 1681 1469 1719 o
1491 1669 1517 1720 t
1538 1663 1556 1718 i
1578 1680 1615 1735 p
1638 1680 1674 1718 u
1695 1679 1741 1719 s,

1258 1769 1503 1826 Vtinam
1552 1770 1882 1826 castratus!

1268 1912 1678 1984 Magicus.

1955 2017 2027 2074 In

622 2117 767 2176 Suos
813 2119 988 2176 hodie
1037 2119 1342 2191 amplexus
1392 2119 1591 2192 capiet
1638 2118 1969 2175 adulterum

624 2216 904 2274 Iuvenem
953 2218 1080 2275 eius
1128 2234 1291 2274 uxor.

1215 2341 1731 2413 PhilotipuS.

1370 2448 1486 2505 Hei
1533 2447 1698 2519 mihi,
1748 2448 1926 2504 timeo
1975 2447 2129 2503 male

623 2547 706 2603 Vt
754 2547 1040 2619 excidam,
1092 2546 1331 2603 Racilia
1376 2564 1527 2603 mea.

1295 2670 1332 2727 S
1353 2671 1464 2727 til
1486 2688 1522 2743 p
1544 2671 1583 2727 h
1608 2688 1659 2727 ο.

1586 2777 1771 2835 Tace!

1276 2902 1335 2958 M
1358 2921 1394 2959 a
1415 2903 1494 2975 gi
1524 2921 1554 2959 c
1580 2920 1618 2958 u
1640 2919 1685 2959 S.

627 3010 777 3067 Eum
824 3014 1027 3066 manet
1075 3027 1146 3065 ex
1195 3007 1433 3066 foedere
1481 3010 1635 3065 domi
1685 3010 1811 3066 loco
1860 3015 1920 3066 et

520 3126 597 3161 345
626 3108 912 3180 Tempore
960 3107 1124 3180 prius
1169 3108 1538 3180 praescripto
1588 3108 1661 3163 ad
1708 3107 1911 3164 horam
1957 3114 2091 3180 post
2137 3106 2297 3190 diem

629 3206 886 3264 Medium
935 3204 1252 3263 secundam
1302 3205 1372 3261 ad
1422 3210 1680 3277 pontem,
1729 3210 1797 3261 ut
1844 3206 2034 3277 aiunt,
2084 3204 2393 3266 ruffidum.

1303 3328 1340 3385 S
1362 3335 1390 3386 t
1409 3330 1429 3384 i
1450 3330 1528 3402 lp
1550 3330 1589 3386 h
1609 3346 1661 3387 o.

635 3437 810 3495 Certe
857 3442 1020 3493 tuam
1070 3436 1184 3493 iste
1232 3437 1568 3508 pactionem
1617 3437 1911 3494 edisserit.

1220 3580 1739 3654 Philotipus.

636 3684 684 3739 Ο
730 3701 824 3742 me
869 3686 1126 3757 beatum,
1178 3687 1227 3744 si
1276 3704 1479 3744 verum
1527 3688 1624 3744 hic
1672 3687 1835 3744 dicat
1881 3685 2057 3741 mihi!
