<?xml version="1.0" encoding="UTF-8"?>
<!DOCTYPE html PUBLIC "-//W3C//DTD XHTML 1.0 Transitional//EN"
    "http://www.w3.org/TR/xhtml1/DTD/xhtml1-transitional.dtd">
<html xmlns="http://www.w3.org/1999/xhtml" xml:lang="en" lang="en">
 <head>
  <title>
</title>
<meta http-equiv="Content-Type" content="text/html;charset=utf-8" />
  <meta name='ocr-system' content='tesseract 3.04.00' />
  <meta name='ocr-capabilities' content='ocr_page ocr_carea ocr_par ocr_line ocrx_word'/>
</head>
<body>
  <div class='ocr_page' id='page_1' title='image "./veteratormaistr00boltgoog_0056.png"; bbox 0 0 2752 4170; ppageno 0'>
   <div class='ocr_carea' id='block_1_1' title="bbox 422 200 1694 260">
    <p class='ocr_par' dir='ltr' id='par_1_1' title="bbox 422 200 1694 260">
     <span class='ocr_line' id='line_1_1' title="bbox 422 200 1694 260; baseline 0.001 -4"><span class='ocrx_word' id='word_1_1' title='bbox 422 200 501 256; x_wconf 87' lang='grc'><strong>18</strong></span> <span class='ocrx_word' id='word_1_2' title='bbox 1128 217 1546 260; x_wconf 73' lang='lat' dir='ltr'><strong>VETERATOR.</strong></span> <span class='ocrx_word' id='word_1_3' title='bbox 1618 205 1694 258; x_wconf 91' lang='lat' dir='ltr'><strong>II.</strong></span> 
     </span>
    </p>
   </div>
   <div class='ocr_carea' id='block_1_2' title="bbox 1279 375 1679 434">
    <p class='ocr_par' dir='ltr' id='par_1_2' title="bbox 1279 375 1679 434">
     <span class='ocr_line' id='line_1_2' title="bbox 1279 375 1679 434; baseline 0.003 -1"><span class='ocrx_word' id='word_1_4' title='bbox 1279 375 1679 434; x_wconf 74' lang='lat' dir='ltr'><strong>Comicus</strong></span> 
     </span>
    </p>
   </div>
   <div class='ocr_carea' id='block_1_3' title="bbox 524 482 1511 652">
    <p class='ocr_par' dir='ltr' id='par_1_3' title="bbox 524 482 1511 652">
     <span class='ocr_line' id='line_1_3' title="bbox 524 482 1476 556; baseline 0.003 -20"><span class='ocrx_word' id='word_1_5' title='bbox 524 500 602 537; x_wconf 89' lang='lat'><strong>300</strong></span> <span class='ocrx_word' id='word_1_6' title='bbox 631 483 714 541; x_wconf 91' lang='lat' dir='ltr'><strong>Vt</strong></span> <span class='ocrx_word' id='word_1_7' title='bbox 762 484 1031 542; x_wconf 81' lang='lat' dir='ltr'><strong>destruat</strong></span> <span class='ocrx_word' id='word_1_8' title='bbox 1076 488 1138 540; x_wconf 88' lang='lat' dir='ltr'><strong>te</strong></span> <span class='ocrx_word' id='word_1_9' title='bbox 1183 482 1476 556; x_wconf 89' lang='lat' dir='ltr'><strong>Iuppiter,</strong></span> 
     </span>
     <span class='ocr_line' id='line_1_4' title="bbox 627 581 1511 652; baseline -0.002 -14"><span class='ocrx_word' id='word_1_10' title='bbox 627 581 824 640; x_wconf 83' lang='lat' dir='ltr'><strong>Pestis</strong></span> <span class='ocrx_word' id='word_1_11' title='bbox 873 582 1188 640; x_wconf 84' lang='lat' dir='ltr'><strong>Gnathone</strong></span> <span class='ocrx_word' id='word_1_12' title='bbox 1235 581 1511 652; x_wconf 80' lang='lat' dir='ltr'>nequior!</span> 
     </span>
    </p>
   </div>
   <div class='ocr_carea' id='block_1_4' title="bbox 1310 723 1647 781">
    <p class='ocr_par' dir='ltr' id='par_1_4' title="bbox 1310 723 1647 781">
     <span class='ocr_line' id='line_1_5' title="bbox 1310 723 1647 781; baseline 0 -2"><span class='ocrx_word' id='word_1_13' title='bbox 1310 723 1647 781; x_wconf 74' lang='lat' dir='ltr'><strong>Avarus,</strong></span> 
     </span>
    </p>
   </div>
   <div class='ocr_carea' id='block_1_5' title="bbox 621 838 1606 1108">
    <p class='ocr_par' dir='ltr' id='par_1_5' title="bbox 621 838 1606 1108">
     <span class='ocr_line' id='line_1_6' title="bbox 621 838 1420 912; baseline -0.004 -15"><span class='ocrx_word' id='word_1_14' title='bbox 621 838 723 897; x_wconf 79' lang='lat' dir='ltr'><strong>Sic</strong></span> <span class='ocrx_word' id='word_1_15' title='bbox 769 841 891 899; x_wconf 92' lang='lat' dir='ltr'><strong>fiet.</strong></span> <span class='ocrx_word' id='word_1_16' title='bbox 985 840 1078 896; x_wconf 93' lang='lat' dir='ltr'><strong>Ito</strong></span> <span class='ocrx_word' id='word_1_17' title='bbox 1125 844 1192 895; x_wconf 91' lang='lat' dir='ltr'><strong>tu</strong></span> <span class='ocrx_word' id='word_1_18' title='bbox 1239 839 1420 912; x_wconf 89' lang='lat' dir='ltr'><strong>prior,</strong></span> 
     </span>
     <span class='ocr_line' id='line_1_7' title="bbox 624 936 1478 1008; baseline -0.001 -15"><span class='ocrx_word' id='word_1_19' title='bbox 624 936 848 995; x_wconf 86' lang='lat' dir='ltr'><strong>Parata</strong></span> <span class='ocrx_word' id='word_1_20' title='bbox 895 938 1016 994; x_wconf 89' lang='lat' dir='ltr'><strong>sint</strong></span> <span class='ocrx_word' id='word_1_21' title='bbox 1062 936 1216 993; x_wconf 91' lang='lat' dir='ltr'><strong>domi</strong></span> <span class='ocrx_word' id='word_1_22' title='bbox 1265 937 1478 1008; x_wconf 86' lang='lat' dir='ltr'><strong>omnia,</strong></span> 
     </span>
     <span class='ocr_line' id='line_1_8' title="bbox 625 1033 1606 1108; baseline -0.002 -16"><span class='ocrx_word' id='word_1_23' title='bbox 625 1034 706 1091; x_wconf 88' lang='lat' dir='ltr'><strong>Et</strong></span> <span class='ocrx_word' id='word_1_24' title='bbox 751 1033 867 1108; x_wconf 86' lang='lat' dir='ltr'><strong>fae,</strong></span> <span class='ocrx_word' id='word_1_25' title='bbox 918 1038 985 1091; x_wconf 93' lang='lat' dir='ltr'><strong>ut</strong></span> <span class='ocrx_word' id='word_1_26' title='bbox 1032 1051 1237 1091; x_wconf 88' lang='lat' dir='ltr'><strong>aurum</strong></span> <span class='ocrx_word' id='word_1_27' title='bbox 1285 1034 1388 1091; x_wconf 90' lang='lat' dir='ltr'><strong>des</strong></span> <span class='ocrx_word' id='word_1_28' title='bbox 1434 1034 1606 1090; x_wconf 84' lang='lat' dir='ltr'><strong>mihi!</strong></span> 
     </span>
    </p>
   </div>
   <div class='ocr_carea' id='block_1_6' title="bbox 1237 1194 1725 1251">
    <p class='ocr_par' dir='ltr' id='par_1_6' title="bbox 1237 1194 1725 1251">
     <span class='ocr_line' id='line_1_9' title="bbox 1237 1194 1725 1251; baseline 0 0"><span class='ocrx_word' id='word_1_29' title='bbox 1237 1194 1725 1251; x_wconf 52' lang='lat' dir='ltr'><strong>Veterator</strong></span> 
     </span>
    </p>
   </div>
   <div class='ocr_carea' id='block_1_7' title="bbox 464 1308 1892 2738">
    <p class='ocr_par' dir='ltr' id='par_1_7' title="bbox 517 1308 1892 1776">
     <span class='ocr_line' id='line_1_10' title="bbox 517 1308 1507 1384; baseline 0.003 -22"><span class='ocrx_word' id='word_1_30' title='bbox 517 1326 595 1363; x_wconf 81' lang='lat'><strong>305</strong></span> <span class='ocrx_word' id='word_1_31' title='bbox 623 1310 867 1384; x_wconf 86' lang='lat' dir='ltr'><strong>Aurum,</strong></span> <span class='ocrx_word' id='word_1_32' title='bbox 917 1310 1054 1382; x_wconf 90' lang='lat' dir='ltr'><strong>quid</strong></span> <span class='ocrx_word' id='word_1_33' title='bbox 1103 1309 1275 1382; x_wconf 88' lang='lat' dir='ltr'><strong>ergo!</strong></span> <span class='ocrx_word' id='word_1_34' title='bbox 1326 1308 1507 1365; x_wconf 88' lang='lat' dir='ltr'><strong>Defui</strong></span> 
     </span>
     <span class='ocr_line' id='line_1_11' title="bbox 621 1407 1638 1481; baseline -0.001 -17"><span class='ocrx_word' id='word_1_35' title='bbox 621 1408 951 1481; x_wconf 84' lang='lat' dir='ltr'>Nunquam,</span> <span class='ocrx_word' id='word_1_36' title='bbox 1002 1408 1210 1479; x_wconf 91' lang='lat' dir='ltr'><strong>quibus</strong></span> <span class='ocrx_word' id='word_1_37' title='bbox 1256 1407 1638 1480; x_wconf 79' lang='lat' dir='ltr'><strong>promiseram</strong></span> 
     </span>
     <span class='ocr_line' id='line_1_12' title="bbox 620 1504 1892 1577; baseline -0.002 -14"><span class='ocrx_word' id='word_1_38' title='bbox 620 1506 863 1563; x_wconf 88' lang='lat' dir='ltr'><strong>Aurum.</strong></span> <span class='ocrx_word' id='word_1_39' title='bbox 912 1538 995 1548; x_wconf 87' lang='lat'><strong>-—</strong></span> <span class='ocrx_word' id='word_1_40' title='bbox 1042 1504 1204 1562; x_wconf 90' lang='lat' dir='ltr'><strong>Illud</strong></span> <span class='ocrx_word' id='word_1_41' title='bbox 1254 1522 1396 1577; x_wconf 87' lang='lat' dir='ltr'><strong>ergo</strong></span> <span class='ocrx_word' id='word_1_42' title='bbox 1444 1504 1713 1561; x_wconf 87' lang='lat' dir='ltr'><strong>Maurum</strong></span> <span class='ocrx_word' id='word_1_43' title='bbox 1761 1506 1892 1562; x_wconf 89' lang='lat' dir='ltr'><strong>erit.</strong></span> 
     </span>
     <span class='ocr_line' id='line_1_13' title="bbox 622 1601 1501 1676; baseline 0 -17"><span class='ocrx_word' id='word_1_44' title='bbox 622 1603 706 1660; x_wconf 89' lang='lat' dir='ltr'><strong>Vt</strong></span> <span class='ocrx_word' id='word_1_45' title='bbox 751 1603 1027 1676; x_wconf 84' lang='lat' dir='ltr'><strong>pendeat,</strong></span> <span class='ocrx_word' id='word_1_46' title='bbox 1079 1619 1293 1674; x_wconf 86' lang='lat' dir='ltr'><strong>quaeso</strong></span> <span class='ocrx_word' id='word_1_47' title='bbox 1343 1601 1501 1659; x_wconf 80' lang='lat' dir='ltr'><strong>deos,</strong></span> 
     </span>
     <span class='ocr_line' id='line_1_14' title="bbox 621 1700 1455 1776; baseline -0.002 -17"><span class='ocrx_word' id='word_1_48' title='bbox 621 1701 792 1776; x_wconf 86' lang='lat' dir='ltr'><strong>Hem,</strong></span> <span class='ocrx_word' id='word_1_49' title='bbox 842 1700 1112 1759; x_wconf 89' lang='lat' dir='ltr'><strong>vendidit</strong></span> <span class='ocrx_word' id='word_1_50' title='bbox 1159 1700 1302 1757; x_wconf 89' lang='lat' dir='ltr'><strong>mihi</strong></span> <span class='ocrx_word' id='word_1_51' title='bbox 1352 1716 1455 1757; x_wconf 91' lang='lat' dir='ltr'><strong>suo</strong></span> 
     </span>
    </p>

    <p class='ocr_par' dir='ltr' id='par_1_8' title="bbox 515 1799 1591 2052">
     <span class='ocr_line' id='line_1_15' title="bbox 515 1799 1345 1873; baseline 0.004 -22"><span class='ocrx_word' id='word_1_52' title='bbox 515 1816 591 1852; x_wconf 88' lang='lat'><strong>310</strong></span> <span class='ocrx_word' id='word_1_53' title='bbox 620 1799 835 1873; x_wconf 90' lang='lat' dir='ltr'><strong>Verb0,</strong></span> <span class='ocrx_word' id='word_1_54' title='bbox 886 1800 1100 1857; x_wconf 91' lang='lat' dir='ltr'><strong>solutio</strong></span> <span class='ocrx_word' id='word_1_55' title='bbox 1147 1804 1345 1854; x_wconf 88' lang='lat' dir='ltr'><strong>tamen</strong></span> 
     </span>
     <span class='ocr_line' id='line_1_16' title="bbox 619 1896 1591 1969; baseline -0.003 -14"><span class='ocrx_word' id='word_1_56' title='bbox 619 1898 756 1955; x_wconf 86' lang='lat' dir='ltr'><strong>Fiet</strong></span> <span class='ocrx_word' id='word_1_57' title='bbox 801 1914 948 1954; x_wconf 91' lang='lat' dir='ltr'><strong>me0.</strong></span> <span class='ocrx_word' id='word_1_58' title='bbox 1021 1896 1247 1953; x_wconf 90' lang='lat' dir='ltr'><strong>Aurum</strong></span> <span class='ocrx_word' id='word_1_59' title='bbox 1292 1896 1591 1969; x_wconf 89' lang='lat' dir='ltr'><strong>postulat!</strong></span> 
     </span>
     <span class='ocr_line' id='line_1_17' title="bbox 617 1993 1556 2052; baseline -0.001 0"><span class='ocrx_word' id='word_1_60' title='bbox 617 1995 689 2052; x_wconf 91' lang='lat' dir='ltr'><strong>In</strong></span> <span class='ocrx_word' id='word_1_61' title='bbox 737 1994 967 2052; x_wconf 81' lang='lat' dir='ltr'><strong>fabrica</strong></span> <span class='ocrx_word' id='word_1_62' title='bbox 1015 2000 1175 2052; x_wconf 81' lang='lat' dir='ltr'><strong>certe</strong></span> <span class='ocrx_word' id='word_1_63' title='bbox 1226 1998 1318 2051; x_wconf 88' lang='lat' dir='ltr'><strong>est</strong></span> <span class='ocrx_word' id='word_1_64' title='bbox 1365 1993 1556 2051; x_wconf 87' lang='lat' dir='ltr'><strong>adhue</strong></span> 
     </span>
    </p>

    <p class='ocr_par' dir='ltr' id='par_1_9' title="bbox 464 2093 1555 2263">
     <span class='ocr_line' id='line_1_18' title="bbox 464 2093 1555 2167; baseline -0.005 -12"><span class='ocrx_word' id='word_1_65' title='bbox 464 2104 588 2154; x_wconf 61' lang='grc' dir='ltr'>[δια]</span> <span class='ocrx_word' id='word_1_66' title='bbox 617 2094 862 2167; x_wconf 89' lang='lat' dir='ltr'><strong>Aurum,</strong></span> <span class='ocrx_word' id='word_1_67' title='bbox 914 2094 1063 2166; x_wconf 90' lang='lat' dir='ltr'><strong>quod</strong></span> <span class='ocrx_word' id='word_1_68' title='bbox 1112 2093 1345 2151; x_wconf 85' lang='lat' dir='ltr'><strong>auferet</strong></span> <span class='ocrx_word' id='word_1_69' title='bbox 1391 2094 1555 2151; x_wconf 90' lang='lat' dir='ltr'><strong>mihi.</strong></span> 
     </span>
     <span class='ocr_line' id='line_1_19' title="bbox 619 2191 1544 2263; baseline -0.001 -14"><span class='ocrx_word' id='word_1_70' title='bbox 619 2191 665 2249; x_wconf 88' lang='grc' dir='ltr'>Ο</span> <span class='ocrx_word' id='word_1_71' title='bbox 714 2193 764 2249; x_wconf 84' lang='grc'><strong>31</strong></span> <span class='ocrx_word' id='word_1_72' title='bbox 811 2193 916 2249; x_wconf 90' lang='lat' dir='ltr'><strong>ille</strong></span> <span class='ocrx_word' id='word_1_73' title='bbox 963 2209 1259 2263; x_wconf 86' lang='lat' dir='ltr'><strong>nunquam</strong></span> <span class='ocrx_word' id='word_1_74' title='bbox 1309 2209 1544 2249; x_wconf 80' lang='lat' dir='ltr'><strong>currere</strong></span> 
     </span>
    </p>

    <p class='ocr_par' dir='ltr' id='par_1_10' title="bbox 512 2289 1666 2738">
     <span class='ocr_line' id='line_1_20' title="bbox 512 2289 1485 2364; baseline 0.003 -22"><span class='ocrx_word' id='word_1_75' title='bbox 512 2307 588 2342; x_wconf 83' lang='lat'><strong>315</strong></span> <span class='ocrx_word' id='word_1_76' title='bbox 617 2289 910 2364; x_wconf 82' lang='lat' dir='ltr'><strong>Cessaret,</strong></span> <span class='ocrx_word' id='word_1_77' title='bbox 959 2307 1143 2361; x_wconf 88' lang='lat' dir='ltr'><strong>usque</strong></span> <span class='ocrx_word' id='word_1_78' title='bbox 1191 2289 1326 2346; x_wconf 90' lang='lat' dir='ltr'><strong>dum</strong></span> <span class='ocrx_word' id='word_1_79' title='bbox 1373 2290 1485 2347; x_wconf 89' lang='lat' dir='ltr'><strong>sibi</strong></span> 
     </span>
     <span class='ocr_line' id='line_1_21' title="bbox 622 2387 1424 2460; baseline -0.001 -15"><span class='ocrx_word' id='word_1_80' title='bbox 622 2387 902 2446; x_wconf 85' lang='lat' dir='ltr'><strong>Solvatur</strong></span> <span class='ocrx_word' id='word_1_81' title='bbox 946 2387 1095 2445; x_wconf 88' lang='lat' dir='ltr'><strong>illud</strong></span> <span class='ocrx_word' id='word_1_82' title='bbox 1144 2388 1424 2460; x_wconf 90' lang='lat' dir='ltr'><strong>debitum,</strong></span> 
     </span>
     <span class='ocr_line' id='line_1_22' title="bbox 616 2486 1666 2560; baseline 0 -19"><span class='ocrx_word' id='word_1_83' title='bbox 616 2487 928 2543; x_wconf 88' lang='lat' dir='ltr'><strong>Lustraret</strong></span> <span class='ocrx_word' id='word_1_84' title='bbox 975 2487 1169 2543; x_wconf 88' lang='lat' dir='ltr'><strong>orbem</strong></span> <span class='ocrx_word' id='word_1_85' title='bbox 1220 2486 1666 2560; x_wconf 84' lang='lat' dir='ltr'><strong>amplissimum,</strong></span> 
     </span>
     <span class='ocr_line' id='line_1_23' title="bbox 615 2583 1468 2656; baseline 0 -17"><span class='ocrx_word' id='word_1_86' title='bbox 615 2583 858 2640; x_wconf 85' lang='lat' dir='ltr'><strong>Terram</strong></span> <span class='ocrx_word' id='word_1_87' title='bbox 904 2589 1273 2656; x_wconf 81' lang='lat' dir='ltr'><strong>peragraret,</strong></span> <span class='ocrx_word' id='word_1_88' title='bbox 1327 2584 1468 2655; x_wconf 86' lang='grc'><strong>3010,</strong></span> 
     </span>
     <span class='ocr_line' id='line_1_24' title="bbox 616 2680 1488 2738; baseline 0 -2"><span class='ocrx_word' id='word_1_89' title='bbox 616 2680 793 2737; x_wconf 87' lang='lat' dir='ltr'><strong>Vltra</strong></span> <span class='ocrx_word' id='word_1_90' title='bbox 842 2682 1143 2738; x_wconf 78' lang='lat' dir='ltr'><strong>columnas</strong></span> <span class='ocrx_word' id='word_1_91' title='bbox 1190 2680 1488 2737; x_wconf 79' lang='lat' dir='ltr'><strong>Herculis.</strong></span> 
     </span>
    </p>
   </div>
   <div class='ocr_carea' id='block_1_8' title="bbox 1268 2831 1662 2890">
    <p class='ocr_par' dir='ltr' id='par_1_11' title="bbox 1268 2831 1662 2890">
     <span class='ocr_line' id='line_1_25' title="bbox 1268 2831 1662 2890; baseline 0.008 -3"><span class='ocrx_word' id='word_1_92' title='bbox 1268 2831 1662 2890; x_wconf 73' lang='lat' dir='ltr'><strong>Comicus</strong></span> 
     </span>
    </p>
   </div>
   <div class='ocr_carea' id='block_1_9' title="bbox 506 2947 1679 3702">
    <p class='ocr_par' dir='ltr' id='par_1_12' title="bbox 508 2947 1590 3411">
     <span class='ocr_line' id='line_1_26' title="bbox 508 2947 1572 3020; baseline 0.006 -22"><span class='ocrx_word' id='word_1_93' title='bbox 508 2963 584 2999; x_wconf 77' lang='lat'><strong>320</strong></span> <span class='ocrx_word' id='word_1_94' title='bbox 613 2947 802 3004; x_wconf 91' lang='lat' dir='ltr'><strong>Deum</strong></span> <span class='ocrx_word' id='word_1_95' title='bbox 848 2947 1040 3020; x_wconf 90' lang='lat' dir='ltr'><strong>fidem,</strong></span> <span class='ocrx_word' id='word_1_96' title='bbox 1092 2952 1374 3018; x_wconf 88' lang='lat' dir='ltr'><strong>quantum</strong></span> <span class='ocrx_word' id='word_1_97' title='bbox 1423 2947 1572 3004; x_wconf 81' lang='lat' dir='ltr'><strong>facit</strong></span> 
     </span>
     <span class='ocr_line' id='line_1_27' title="bbox 612 3043 1406 3103; baseline 0.004 -3"><span class='ocrx_word' id='word_1_98' title='bbox 612 3044 857 3102; x_wconf 88' lang='lat' dir='ltr'><strong>Astutia</strong></span> <span class='ocrx_word' id='word_1_99' title='bbox 903 3043 1084 3101; x_wconf 80' lang='lat' dir='ltr'><strong>Afra!</strong></span> <span class='ocrx_word' id='word_1_100' title='bbox 1135 3045 1406 3103; x_wconf 87' lang='lat' dir='ltr'><strong>Nunoine</strong></span> 
     </span>
     <span class='ocr_line' id='line_1_28' title="bbox 611 3143 1496 3215; baseline 0.003 -17"><span class='ocrx_word' id='word_1_101' title='bbox 611 3143 859 3199; x_wconf 90' lang='lat' dir='ltr'><strong>Demum</strong></span> <span class='ocrx_word' id='word_1_102' title='bbox 906 3143 1053 3200; x_wconf 90' lang='lat' dir='ltr'><strong>satis</strong></span> <span class='ocrx_word' id='word_1_103' title='bbox 1101 3143 1260 3201; x_wconf 81' lang='lat' dir='ltr'><strong>clare</strong></span> <span class='ocrx_word' id='word_1_104' title='bbox 1307 3149 1496 3215; x_wconf 85' lang='lat' dir='ltr'><strong>patet.</strong></span> 
     </span>
     <span class='ocr_line' id='line_1_29' title="bbox 611 3239 1590 3313; baseline 0.003 -18"><span class='ocrx_word' id='word_1_105' title='bbox 611 3240 761 3310; x_wconf 79' lang='lat' dir='ltr'><strong>Quid</strong></span> <span class='ocrx_word' id='word_1_106' title='bbox 808 3242 1061 3313; x_wconf 88' lang='lat' dir='ltr'><strong>amplius</strong></span> <span class='ocrx_word' id='word_1_107' title='bbox 1104 3239 1338 3298; x_wconf 79' lang='lat' dir='ltr'><strong>restat?</strong></span> <span class='ocrx_word' id='word_1_108' title='bbox 1385 3242 1590 3299; x_wconf 80' lang='lat' dir='ltr'><strong>Dolus,</strong></span> 
     </span>
     <span class='ocr_line' id='line_1_30' title="bbox 612 3337 1563 3411; baseline 0.004 -18"><span class='ocrx_word' id='word_1_109' title='bbox 612 3337 864 3395; x_wconf 89' lang='lat' dir='ltr'><strong>Mundus</strong></span> <span class='ocrx_word' id='word_1_110' title='bbox 912 3338 1092 3411; x_wconf 88' lang='lat' dir='ltr'><strong>dolos,</strong></span> <span class='ocrx_word' id='word_1_111' title='bbox 1145 3337 1385 3398; x_wconf 89' lang='lat' dir='ltr'><strong>fraudes</strong></span> <span class='ocrx_word' id='word_1_112' title='bbox 1434 3341 1563 3397; x_wconf 86' lang='lat' dir='ltr'><strong>alit.</strong></span> 
     </span>
    </p>

    <p class='ocr_par' dir='ltr' id='par_1_13' title="bbox 506 3434 1679 3702">
     <span class='ocr_line' id='line_1_31' title="bbox 506 3434 1574 3512; baseline 0.009 -27"><span class='ocrx_word' id='word_1_113' title='bbox 506 3451 582 3486; x_wconf 80' lang='lat'><strong>325</strong></span> <span class='ocrx_word' id='word_1_114' title='bbox 612 3434 694 3491; x_wconf 88' lang='lat' dir='ltr'><strong>Et</strong></span> <span class='ocrx_word' id='word_1_115' title='bbox 740 3442 806 3492; x_wconf 90' lang='lat' dir='ltr'><strong>ut</strong></span> <span class='ocrx_word' id='word_1_116' title='bbox 851 3438 1051 3509; x_wconf 86' lang='lat' dir='ltr'><strong>palam</strong></span> <span class='ocrx_word' id='word_1_117' title='bbox 1097 3454 1301 3494; x_wconf 89' lang='lat' dir='ltr'><strong>verum</strong></span> <span class='ocrx_word' id='word_1_118' title='bbox 1348 3440 1574 3512; x_wconf 73' lang='lat' dir='ltr'><strong>loquar,</strong></span> 
     </span>
     <span class='ocr_line' id='line_1_32' title="bbox 610 3532 1679 3608; baseline 0.006 -20"><span class='ocrx_word' id='word_1_119' title='bbox 610 3532 847 3604; x_wconf 88' lang='lat' dir='ltr'><strong>(Testor</strong></span> <span class='ocrx_word' id='word_1_120' title='bbox 891 3533 1136 3591; x_wconf 77' lang='lat' dir='ltr'><strong>Iovem?</strong></span> <span class='ocrx_word' id='word_1_121' title='bbox 1183 3535 1315 3592; x_wconf 91' lang='lat' dir='ltr'><strong>Non</strong></span> <span class='ocrx_word' id='word_1_122' title='bbox 1362 3538 1474 3593; x_wconf 82' lang='lat' dir='ltr'><strong>hoe</strong></span> <span class='ocrx_word' id='word_1_123' title='bbox 1521 3538 1679 3608; x_wconf 77' lang='lat' dir='ltr'><strong>volo)</strong></span> 
     </span>
     <span class='ocr_line' id='line_1_33' title="bbox 611 3630 1557 3702; baseline 0.005 -17"><span class='ocrx_word' id='word_1_124' title='bbox 611 3630 725 3686; x_wconf 81' lang='lat' dir='ltr'><strong>Hie</strong></span> <span class='ocrx_word' id='word_1_125' title='bbox 772 3647 1008 3702; x_wconf 88' lang='lat' dir='ltr'><strong>prorsus</strong></span> <span class='ocrx_word' id='word_1_126' title='bbox 1057 3650 1128 3689; x_wconf 88' lang='lat' dir='ltr'><strong>ex</strong></span> <span class='ocrx_word' id='word_1_127' title='bbox 1177 3635 1359 3691; x_wconf 88' lang='lat' dir='ltr'><strong>stulto</strong></span> <span class='ocrx_word' id='word_1_128' title='bbox 1408 3633 1557 3692; x_wconf 86' lang='lat' dir='ltr'><strong>faeit</strong></span> 
     </span>
    </p>
   </div>
  </div>
 </body>
</html>
