2752 4170
419 239 505 298 64
1110 253 1522 296 VETERATOR.
1592 241 1662 307 V,
1707 243 1753 292 1.

632 424 780 481 Tam
828 424 1034 481 subtili
1081 440 1340 496 pannum
1387 439 1579 480 meum

632 521 729 579 Me
778 521 1131 579 credidisse!
1226 520 1391 578 Heus
1438 521 1693 594 postulo,

1343 644 1628 702 Iudex.

633 753 790 810 Audi
837 758 922 826 tu,
974 769 1085 825 ego
1132 751 1410 825 profecto·
1450 768 1581 809 eum

632 851 895 909 Absolvo
944 852 1016 907 ab
1065 851 1190 924 1116,
1241 850 1391 922 quod
1437 849 1614 924 petis.

504 966 608 1002 1200
643 949 827 1006 Edico
877 949 1040 1021 item,
1089 964 1164 1005 ne
1211 949 1273 1004 in
1320 953 1619 1020 posterum

479 1063 602 1108 [esa]
634 1047 831 1104 Vexes
880 1063 1031 1104 eum.
1126 1045 1215 1103 'I'u
1263 1046 1360 1103 abi
1407 1062 1597 1117 neque

636 1144 908 1217 anuam
954 1149 1210 1217 reverte,
1262 1145 1570 1216 apparitor

634 1242 994 1314 Quicumque
1038 1247 1101 1300 te
1147 1243 1210 1298 in
1256 1242 1348 1299 ius
1394 1241 1595 1299 vocet!

1274 1366 1327 1422 V
1346 1384 1376 1423 6
1389 1371 1416 1423 13
1433 1383 1464 1423 6
1476 1383 1506 1422 1·
1521 1383 1556 1421 a
1572 1371 1598 1421 t
1614 1381 1644 1421 o
1656 1382 1703 1420 r.

637 1475 800 1532 Heus
847 1476 1108 1548 praesim,
1159 1475 1388 1547 gratias
1437 1490 1550 1546 age
1571 1473 1582 1529 !

1355 1598 1450 1672 Op
1469 1598 1563 1654 ili
1581 1613 1632 1654 6.

506 1723 606 1758 120⁵
636 1707 778 1763 Bee.

1365 1838 1625 1895 Iudex.

852 1946 1078 2019 Nempe
1124 1951 1190 2003 tu
1237 1952 1530 2003 monstras
1580 1945 1746 2014 satis,

640 2044 751 2114 Qui
798 2045 895 2102 vir
941 2044 1078 2118 8168,
1130 2044 1227 2117 qui
1274 2044 1481 2101 litibus

642 2142 900 2200 Stultum
949 2144 1238 2216 implicas.

1337 2266 1655 2324 Avarus.

1246 2380 1584 2441 'Iustumne
1631 2381 1690 2436 id
1740 2384 1830 2437 est

688 2481 786 2539 Sic
834 2482 1001 2538 illum
1049 2480 1255 2539 abire?

1369 2605 1614 2663 Iudex.

739 2790 743 2793 Β
1281 2713 1397 2785 Ah,
1446 2714 1545 2785 pol
1594 2712 1716 2768 alia

642 2812 762 2870 Res
810 2816 902 2868 est
947 2811 1110 2868 mihi.
1206 2812 1393 2867 Ambo
1442 2811 1668 2883 garruli

513 2927 616 2962 1210
649 2910 768 2967 Vos
816 2909 1056 2966 maximi
1105 2909 1270 2966 estis.

1331 3041 1373 3098 C
1388 3058 1419 3098 o
1434 3041 1522 3097 mi
1540 3058 1570 3097 c
1582 3058 1620 3096 u
1637 3057 1682 3097 8.

1048 3193 1055 3201 .
1295 3140 1385 3196 Ne
1434 3139 1581 3196 satis

650 3240 909 3312 Vterque
959 3240 1061 3296 dat
1110 3237 1456 3310 spectaculi.

1347 3371 1650 3427 Avarus,

648 3488 833 3559 Atqui
880 3488 1192 3560 pecuniam
1240 3486 1469 3558 quando

649 3585 782 3640 Non
827 3585 1072 3642 reddere
1121 3589 1224 3641 aut
1269 3600 1528 3656 pannum
1580 3584 1759 3653 voles.

650 3682 816 3738 Dono
848 3682 980 3739 tibi.
