2752 4170
958 281 1367 325 VETERATOR.
1440 268 1551 330 III,
1589 273 1638 321 3.
2230 264 2308 320 37

1237 440 1470 497 onn

1401 549 1513 606 Dei
1562 554 1754 606 mater
1800 565 1988 617 sacra,

395 665 478 702 σω
509 647 679 720 Quid,
730 641 798 705 tu
843 652 1020 721 putas
1067 646 1260 704 ridere
1311 647 1437 704 me!
1487 647 1672 705 Nemo
1720 646 1883 703 dolet

424 808 443 815 Δ,
502 744 676 804 Certe
725 745 918 818 magis
967 762 1138 817 quam
1186 761 1317 818 ego,

1155 868 1198 926 C
1222 886 1253 926 o
1275 888 1331 926 m
1354 870 1374 926 i
1396 886 1427 926 c
1447 886 1485 925 u
1507 886 1554 928 s.

1394 976 1802 1034 Addidissem:
1851 980 2132 1047 tanquam
2181 992 2313 1047 ego,

1231 1082 1284 1138 V
1305 1100 1343 1139 x
1364 1100 1397 1139 ο
1416 1100 1465 1139 r.

501 1190 628 1247 Iam
676 1195 960 1263 mortum,
1010 1190 1129 1246 iam
1176 1190 1376 1247 nullus
1425 1195 1534 1261 est,
1586 1190 1702 1246 iam
1753 1195 1912 1247 certe
1961 1190 2104 1247 abit.

503 1287 653 1345 Tam
700 1288 1000 1345 turbidum
1047 1305 1343 1359 nunquam
1394 1287 1533 1359 quid
1581 1287 1801 1344 audisti
1848 1304 2036 1359 neque

504 1385 874 1444 Phantasma
920 1387 1065 1442 tale.
1160 1385 1372 1442 Adhuc
1421 1386 1656 1443 laborat
1704 1385 1966 1456 somniis,

397 1500 478 1536 646
509 1483 731 1557 Gan-it,
783 1484 964 1556 canit,
1014 1488 1272 1555 vagatur
1316 1484 1381 1539 in
1428 1483 1791 1540 sermonibus

336 1593 466 1643 [aab]
507 1581 622 1638 Tot
668 1581 971 1655 temporiS‚
1021 1598 1130 1639 nec
1179 1581 1485 1654 paululum
1531 1581 1717 1653 vivet⁷
1769 1582 1909 1640 scio,

508 1679 763 1737 Ecastor
808 1679 940 1752 ipsa
986 1679 1149 1735 rideo
1197 1685 1258 1735 et
1305 1677 1416 1736 fleo
1466 1678 1660 1736 simul.

1160 1803 1555 1860 Comicus,

509 1910 841 1968 Absurdum
891 1911 950 1967 id
999 1915 1124 1967 est:
1174 1909 1387 1983 ridere,
1436 1908 1576 1966 flere
1626 1927 1744 1971 una
1791 1911 1983 1967 simul.

1193 2035 1533 2092 Avarus-

511 2142 607 2199 Ah
655 2143 874 2215 nesciO,
924 2143 1117 2199 ridere
1165 2142 1304 2214 quid
1352 2143 1435 2199 sit
1480 2140 1697 2199 fiereve

393 2256 478 2293 σεο
508 2239 691 2298 Istuc.
786 2240 946 2313 Opus
994 2257 1148 2297 nuuc
1198 2247 1288 2298 est
1336 2240 1482 2297 mihi
1530 2241 1801 2313 pecunia.

1241 2364 1472 2422 onn

509 2472 662 2530 Num
708 2478 839 2531 tute
889 2472 1111 2529 deliras
1161 2471 1398 2529 adhuc?
1446 2472 1738 2529 Numnam
1784 2477 1950 2529 tuum

509 2570 788 2628 Furorem
837 2571 1052 2627 iterum
1099 2572 1346 2627 resumis
1368 2569 1397 2625 ⁴?

1192 2677 1540 2734 AvaruS.

1438 2782 1615 2856 Audi,
1667 2783 1805 2855 quid
1854 2783 2001 2840 siet!

512 2879 833 2939 Vendendo
885 2897 994 2952 ego
1042 2897 1269 2953 pannos
1317 2898 1478 2937 meos
1525 2881 1858 2938 huiusmodi

511 2978 643 3035 Non
692 2995 816 3036 sum
866 2979 1146 3036 adsuetus
1195 2979 1432 3036 callidis
1480 2979 1749 3036 deludier

399 3091 481 3127 655
513 3075 745 3135 Verbis,
842 3076 993 3146 Quid
1041 3074 1194 3133 hoc?
1241 3075 1329 3133 Tu
1379 3078 1492 3150 viS,
1543 3082 1705 3149 pute,
1757 3094 1847 3133 me
1896 3077 2153 3150 credere,

513 3172 733 3231 Vesica
779 3175 931 3246 quod
978 3175 1214 3231 laterna
1261 3175 1359 3232 sit.

1169 3281 1563 3339 Comicus,

1579 3388 1709 3446 Non
1759 3390 2001 3446 credito.

513 3484 672 3560 Age2
716 3486 870 3543 hanc
916 3492 1117 3543 tamen
1165 3488 1442 3543 technam
1488 3487 1654 3544 bibes
1702 3487 1911 3544 damno
1959 3494 2081 3544 tuo.

1124 3610 1603 3667 Veterator.

517 3714 626 3774 Sus
672 3723 795 3775 tost
843 3719 903 3774 la
948 3735 1132 3791 royne
1181 3718 1252 3774 de
1301 3719 1606 3790 Guyterne
