2752 4170
867 281 1273 326 VETERATOR.
1347 270 1457 333 ΙΠ,
1498 271 1558 333 2;
1602 274 1651 322 3.
2190 264 2270 323 35

1186 441 1422 500 onn

1756 549 1948 606 Nimis

455 646 519 705 Si
567 648 838 720 quopiam
886 648 1000 705 huc
1046 652 1378 705 reverteret
1425 647 1862 720 phantasmate,

228 735 236 742 ’
342 762 424 798 σιο
455 744 607 814 Quid
656 743 848 803 iuris?

1109 832 1152 890 C
1175 851 1206 890 o
1227 833 1379 890 mic
1400 851 1436 889 u
1458 849 1504 891 s.

818 940 912 997 Ito
961 940 1034 997 aad
1082 939 1454 1013 Bartholum,
1505 941 1710 998 statim
1756 940 1943 997 dabit.

1188 1063 1421 1122 onn

454 1173 546 1230 Ne
593 1172 652 1229 id
701 1189 870 1230 omne
917 1170 1195 1230 frivolum
1242 1171 1416 1245 foret,
1468 1173 1619 1244 quod
1667 1171 1933 1243 fecimuS,

455 1279 517 1337 Si
565 1280 892 1338 offenderet
936 1284 998 1336 te
1031 1284 1309 1352 stantem,
1359 1279 1552 1337 adhuc
1593 1279 1731 1337 istic
1779 1279 1945 1336 iace!

1064 1402 1540 1460 Veterator.

452 1510 608 1583 Vah,
657 1528 831 1584 quam
877 1510 983 1567 ille
1032 1510 1315 1583 deceptus
1361 1508 1481 1567 fuit
1525 1511 1855 1583 pueriliter,

453 1608 566 1678 Qui
612 1614 734 1666 tam
783 1614 1011 1666 cautus.
1060 1613 1191 1665 tam.
1230 1608 1563 1681 perspicax,
1613 1614 1736 1665 tam
1784 1609 2074 1666 callidus!

283 1717 419 1769 [05¹0]
453 1706 604 1763 Risu
650 1705 917 1764 abstine!
968 1704 1031 1763 Si
1081 1706 1155 1762 ad
1202 1723 1308 1764 nos
1356 1705 1596 1778 rediret,
1647 1706 1961 1778 plurimum

454 1803 682 1861 Nocere
727 1809 947 1877 posset,
999 1808 1061 1860 et
1106 1820 1480 1862 reversurum
1529 1804 1801 1861 arbitror.

1185 1928 1238 1985 V
1259 1946 1350 1986 xo
1371 1947 1419 1985 r.

454 2035 564 2093 Pol
613 2036 959 2110 continebit,
1011 2035 1110 2108 qui
1158 2036 1349 2104 volet;
1404 2035 1692 2093 nescirem
1740 2051 1870 2107 ego.

764 2231 1020 2289 ACTVS
1066 2231 1179 2288 ΙΙΙ.
1274 2223 1586 2288 SCAENA
1636 2230 1745 2287 III.

377 2376 724 2432 Avarus,
822 2373 1053 2431 onr.
1152 2373 1626 2430 Veterator.
1723 2372 2123 2431 Comicus.

928 2516 1252 2573 Avarus
1302 2515 1580 2586 loquitur.

455 2657 538 2714 Et
585 2658 711 2715 iuro
759 2660 942 2716 solem
991 2658 1267 2731 lucidum,
1319 2657 1520 2714 redibo
1571 2658 1688 2713 iam

454 2756 549 2812 Ad
597 2756 948 2813 advocatum
996 2756 1209 2815 istunc.
1303 2755 1532 2828 Virum,
1581 2756 1719 2826 vah,
1770 2771 1942 2826 quam
1991 2756 2202 2811 bonum

335 2873 420 2909 σεο
453 2854 606 2911 Hem
654 2870 918 2925 censeaS,
969 2871 1099 2910 cum
1147 2854 1368 2911 videris
1416 2853 1670 2924 tristem,
1723 2870 1985 2924 gravem,

453 2951 676 3021 Quanti
722 2951 930 3024 pretii!
1003 2950 1173 3024 Hem,
1224 2969 1485 3024 pannum
1518 2968 1708 3007 meum
1742 2950 1941 3006 hercle
1979 2951 2267 3022 pessimus

454 3049 651 3106 Penes
700 3066 761 3107 se
809 3050 991 3107 habet
1037 3049 1334 3121 deceptor,
1387 3049 1498 3105 hac
1549 3049 1609 3105 in
1655 3049 1860 3121 platea

453 3147 631 3204 Hunc
677 3147 897 3203 tradidi
945 3147 1056 3203 illi.

1190 3270 1430 3327 onr.

1098 3378 1304 3450 Rideo,
1356 3395 1488 3434 cum
1536 3394 1661 3433 sum
1709 3393 1944 3432 memor.

454 3476 539 3532 Vt
589 3482 792 3534 torvus
842 3478 947 3534 ille
996 3477 1165 3533 vultu
1214 3481 1362 3533 erat.

1067 3599 1543 3657 Veterator.

1428 3705 1580 3774 Quin
1628 3711 1691 3761 tu
1741 3709 1947 3761 taces?

1886 3826 1947 3877 3*
