2752 4170
468 243 592 303 118
1223 262 1624 307 ADVOOATVS.
1702 252 1772 318 V,
1813 254 1861 304 2.

1254 351 1287 382 Ο

1274 441 1323 498 Τ
1341 443 1431 499 im
1447 460 1479 500 o
1496 460 1627 501 nac
1643 444 1790 501 hus,

572 554 651 590 745
682 537 812 596 Non
862 539 1101 597 infitior.

1361 666 1697 725 Racilia.

1149 772 1238 829 Tu
1286 773 1451 845 mihi,
1502 773 1613 847 vir,
1663 792 1779 831 non
1827 774 1996 832 modo

676 868 1076 942 Occasionem,
1128 888 1277 942 quae
1325 871 1572 928 nimium
1620 871 1772 944 apud
1820 872 2119 930 hominum
2167 874 2393 932 animos

678 966 880 1041 Valet,
932 968 1035 1025 sed
1083 968 1371 1040 quandam
1422 969 1681 1026 iniunxti
1729 970 2227 1028 necessitudinem

679 1065 901 1135 Quibus
948 1066 1098 1123 libet
1142 1068 1474 1136 rationibus
1522 1068 1779 1140 aliquem
1825 1069 1970 1126 mihi

680 1162 922 1221 Victum
973 1165 1271 1237 exigendi.
1366 1165 1449 1222 Et
1495 1166 1558 1222 in
1604 1168 1793 1238 tantis
1841 1167 2034 1240 maliS‚

573 1277 650 1313 750
682 1261 903 1331 Quibus
950 1262 1207 1335 undique
1254 1266 1560 1338 obruebar,
1612 1282 1727 1321 non
1777 1265 2159 1323 domesticam

679 1360 827 1417 Rem
875 1378 985 1433 ego
1034 1362 1199 1434 potui
1248 1367 1311 1419 et
1357 1363 1584 1435 pariter
1630 1364 2030 1421 innocentiam

684 1457 863 1516 Vitae
910 1460 1086 1517 tueri.

1228 1603 1762 1664 TimonachuS.
1845 1667 1854 1676 ,

1105 1710 1272 1768 Dicis
1321 1728 1392 1768 ea
1438 1715 1523 1785 tu,
1575 1729 1724 1784 quae
1770 1718 1933 1770 tuam

683 1805 933 1865 Causam
981 1808 1286 1866 adiuvant.
1324 1831 1329 1836 ·
1382 1809 1692 1882 Responde
1740 1811 1813 1868 ad
1862 1813 2124 1869 ea'mihi
2170 1818 2236 1870 tu

680 1905 906 1962 Amabo
956 1902 1249 1964 vicissim!
1300 1907 1410 1976 Qui
1461 1907 1523 1964 in
1572 1909 1903 1972 aestuantis
1951 1911 2222 1981 aequoris

573 2019 650 2056 755
680 2004 926 2061 Fluctus
972 2010 1161 2062 ratem
1210 2023 1282 2062 ex
1329 2013 1502 2078 portu
1551 2006 1744 2079 abigit
1790 2012 1852 2064 et
1898 2008 2243 2081 submergit,
2296 2008 2349 2066 is

684 2102 773 2159 Ne
823 2119 987 2160 suam
1034 2104 1433 2162 temeritatem
1481 2106 1678 2178 potius
1727 2123 1898 2178 quam
1946 2107 2093 2163 ratis

680 2199 1094 2259 Infirmitatem
1143 2202 1584 2260 detestabitur?

1319 2364 1654 2421 Racilia.

1686 2479 1860 2537 Suam

679 2575 887 2633 Potius
934 2577 1140 2650 opinor
1185 2577 1606 2635 temeritatem.

1244 2729 1820 2787 Timonachus

1642 2845 1830 2919 Dicis,
1882 2850 1949 2902 ut
1996 2850 2088 2902 est

680 2942 819 3001 Res.
913 2943 1080 3000 Tune
1128 2944 1178 3000 si
1225 2949 1392 3000 tuum
1439 2944 1764 3000 iumentum
1813 2943 2066 3000 iniuriae

574 3057 650 3093 τσο
679 3041 1002 3115 Plagisque
1049 3042 1203 3099 male
1254 3040 1552 3098 adfectum
1600 3041 1661 3097 in
1710 3041 1966 3098 alienum
2015 3059 2222 3113 agrum

682 3138 1017 3213 Depuleris‚
1068 3157 1144 3196 an
1194 3139 1486 3197 desertam
1535 3140 1607 3195 ab
1657 3155 1723 3195 eo
1772 3144 1979 3211 postea

684 3236 769 3293 Te
818 3236 1240 3309 conquereris?

1274 3370 1793 3442 Philotipus.

1273 3486 1460 3555 Quam
1509 3485 1801 3543 similibus
1849 3485 1995 3542 locis

691 3584 951 3641 Vtuntur
995 3584 1076 3655 hi,
1128 3585 1316 3642 veluti
1362 3584 1561 3658 parati
1612 3584 1997 3641 convenerint

685 3683 816 3740 Huc
865 3684 937 3740 ad
982 3683 1556 3741 recriminationem!
