<?xml version="1.0" encoding="UTF-8"?>
<!DOCTYPE html PUBLIC "-//W3C//DTD XHTML 1.0 Transitional//EN"
    "http://www.w3.org/TR/xhtml1/DTD/xhtml1-transitional.dtd">
<html xmlns="http://www.w3.org/1999/xhtml" xml:lang="en" lang="en">
 <head>
  <title>
</title>
<meta http-equiv="Content-Type" content="text/html;charset=utf-8" />
  <meta name='ocr-system' content='tesseract 3.04.00' />
  <meta name='ocr-capabilities' content='ocr_page ocr_carea ocr_par ocr_line ocrx_word'/>
</head>
<body>
  <div class='ocr_page' id='page_1' title='image "./veteratormaistr00boltgoog_0061.png"; bbox 0 0 2752 4170; ppageno 0'>
   <div class='ocr_carea' id='block_1_1' title="bbox 928 268 1705 333">
    <p class='ocr_par' dir='ltr' id='par_1_1' title="bbox 928 268 1705 333">
     <span class='ocr_line' id='line_1_1' title="bbox 928 268 1705 333; baseline -0.012 -6"><span class='ocrx_word' id='word_1_1' title='bbox 928 284 1334 327; x_wconf 79' lang='lat' dir='ltr'><strong>VETERATOR.</strong></span> <span class='ocrx_word' id='word_1_2' title='bbox 1408 268 1516 331; x_wconf 82' lang='lat'>111,</span> <span class='ocrx_word' id='word_1_3' title='bbox 1562 269 1618 333; x_wconf 79' lang='lat'><strong>13</strong></span> <span class='ocrx_word' id='word_1_4' title='bbox 1658 268 1705 318; x_wconf 80' lang='lat'><strong>2.</strong></span> 
     </span>
    </p>
   </div>
   <div class='ocr_carea' id='block_1_2' title="bbox 522 444 1735 625">
    <p class='ocr_par' dir='ltr' id='par_1_2' title="bbox 522 444 1735 625">
     <span class='ocr_line' id='line_1_2' title="bbox 1127 444 1612 501; baseline -0.01 0"><span class='ocrx_word' id='word_1_5' title='bbox 1127 444 1181 501; x_wconf 91' lang='lat' dir='ltr'><strong>V</strong></span> <span class='ocrx_word' id='word_1_6' title='bbox 1204 461 1236 501; x_wconf 92' lang='lat' dir='ltr'><strong>e</strong></span> <span class='ocrx_word' id='word_1_7' title='bbox 1257 449 1286 500; x_wconf 92' lang='lat' dir='ltr'><strong>t</strong></span> <span class='ocrx_word' id='word_1_8' title='bbox 1305 460 1337 500; x_wconf 92' lang='lat' dir='ltr'><strong>e</strong></span> <span class='ocrx_word' id='word_1_9' title='bbox 1358 461 1391 499; x_wconf 89' lang='lat' dir='ltr'><strong>r</strong></span> <span class='ocrx_word' id='word_1_10' title='bbox 1411 460 1447 498; x_wconf 84' lang='lat' dir='ltr'><strong>a</strong></span> <span class='ocrx_word' id='word_1_11' title='bbox 1465 447 1492 497; x_wconf 99' lang='lat' dir='ltr'><strong>t</strong></span> <span class='ocrx_word' id='word_1_12' title='bbox 1511 459 1543 498; x_wconf 94' lang='lat' dir='ltr'><strong>o</strong></span> <span class='ocrx_word' id='word_1_13' title='bbox 1565 457 1612 497; x_wconf 88' lang='lat' dir='ltr'><strong>r.</strong></span> 
     </span>
     <span class='ocr_line' id='line_1_3' title="bbox 522 546 1735 625; baseline 0.001 -24"><span class='ocrx_word' id='word_1_14' title='bbox 522 546 672 606; x_wconf 86' lang='lat' dir='ltr'><strong>Vtut</strong></span> <span class='ocrx_word' id='word_1_15' title='bbox 718 551 817 625; x_wconf 84' lang='lat' dir='ltr'><strong>sit,</strong></span> <span class='ocrx_word' id='word_1_16' title='bbox 868 551 984 609; x_wconf 89' lang='lat' dir='ltr'><strong>iste</strong></span> <span class='ocrx_word' id='word_1_17' title='bbox 1031 566 1262 624; x_wconf 87' lang='lat' dir='ltr'><strong>pannus</strong></span> <span class='ocrx_word' id='word_1_18' title='bbox 1308 550 1407 606; x_wconf 91' lang='lat' dir='ltr'><strong>hic</strong></span> <span class='ocrx_word' id='word_1_19' title='bbox 1454 546 1735 604; x_wconf 88' lang='lat' dir='ltr'><strong>manebit.</strong></span> 
     </span>
    </p>
   </div>
   <div class='ocr_carea' id='block_1_3' title="bbox 1246 673 1480 730">
    <p class='ocr_par' dir='ltr' id='par_1_3' title="bbox 1246 673 1480 730">
     <span class='ocr_line' id='line_1_4' title="bbox 1246 673 1480 730; baseline -0.009 0"><span class='ocrx_word' id='word_1_20' title='bbox 1246 673 1480 730; x_wconf 66' lang='lat' dir='ltr'><strong>onn</strong></span> 
     </span>
    </p>
   </div>
   <div class='ocr_carea' id='block_1_4' title="bbox 518 860 1992 1144">
    <p class='ocr_par' dir='ltr' id='par_1_4' title="bbox 518 860 1992 1144">
     <span class='ocr_line' id='line_1_5' title="bbox 518 860 911 918; baseline 0.005 -3"><span class='ocrx_word' id='word_1_21' title='bbox 518 860 611 916; x_wconf 88' lang='lat' dir='ltr'><strong>Ad</strong></span> <span class='ocrx_word' id='word_1_22' title='bbox 659 861 911 918; x_wconf 90' lang='lat' dir='ltr'><strong>lectum!</strong></span> 
     </span>
     <span class='ocr_line' id='line_1_6' title="bbox 1127 966 1612 1024; baseline -0.002 -2"><span class='ocrx_word' id='word_1_23' title='bbox 1127 966 1179 1022; x_wconf 90' lang='lat' dir='ltr'>V</span> <span class='ocrx_word' id='word_1_24' title='bbox 1204 983 1236 1024; x_wconf 93' lang='lat' dir='ltr'><strong>e</strong></span> <span class='ocrx_word' id='word_1_25' title='bbox 1256 971 1284 1023; x_wconf 92' lang='lat' dir='ltr'><strong>t</strong></span> <span class='ocrx_word' id='word_1_26' title='bbox 1306 983 1338 1023; x_wconf 92' lang='lat' dir='ltr'><strong>e</strong></span> <span class='ocrx_word' id='word_1_27' title='bbox 1358 983 1389 1022; x_wconf 95' lang='lat' dir='ltr'><strong>r</strong></span> <span class='ocrx_word' id='word_1_28' title='bbox 1409 984 1445 1022; x_wconf 92' lang='lat' dir='ltr'><strong>a</strong></span> <span class='ocrx_word' id='word_1_29' title='bbox 1463 970 1491 1022; x_wconf 92' lang='lat' dir='ltr'><strong>t</strong></span> <span class='ocrx_word' id='word_1_30' title='bbox 1512 982 1543 1022; x_wconf 86' lang='lat' dir='ltr'><strong>o</strong></span> <span class='ocrx_word' id='word_1_31' title='bbox 1565 983 1612 1022; x_wconf 89' lang='lat' dir='ltr'><strong>r.</strong></span> 
     </span>
     <span class='ocr_line' id='line_1_7' title="bbox 946 1071 1992 1144; baseline -0.006 -12"><span class='ocrx_word' id='word_1_32' title='bbox 946 1073 1033 1132; x_wconf 88' lang='lat' dir='ltr'><strong>Eo</strong></span> <span class='ocrx_word' id='word_1_33' title='bbox 1057 1093 1071 1144; x_wconf 81' lang='lat'><em>3</em></span> <span class='ocrx_word' id='word_1_34' title='bbox 1122 1074 1222 1132; x_wconf 89' lang='lat' dir='ltr'><strong>sed</strong></span> <span class='ocrx_word' id='word_1_35' title='bbox 1269 1077 1335 1129; x_wconf 89' lang='lat' dir='ltr'><strong>tu</strong></span> <span class='ocrx_word' id='word_1_36' title='bbox 1384 1090 1532 1130; x_wconf 85' lang='lat' dir='ltr'><strong>cave</strong></span> <span class='ocrx_word' id='word_1_37' title='bbox 1580 1071 1717 1144; x_wconf 91' lang='lat' dir='ltr'><strong>quid</strong></span> <span class='ocrx_word' id='word_1_38' title='bbox 1765 1071 1992 1130; x_wconf 83' lang='lat' dir='ltr'>rideas!</span> 
     </span>
    </p>
   </div>
   <div class='ocr_carea' id='block_1_5' title="bbox 403 1197 1741 1363">
    <p class='ocr_par' dir='ltr' id='par_1_5' title="bbox 403 1197 1741 1363">
     <span class='ocr_line' id='line_1_8' title="bbox 1230 1197 1466 1254; baseline 0.004 -1"><span class='ocrx_word' id='word_1_39' title='bbox 1230 1197 1283 1253; x_wconf 89' lang='lat' dir='ltr'>V</span> <span class='ocrx_word' id='word_1_40' title='bbox 1303 1215 1343 1254; x_wconf 83' lang='lat' dir='ltr'><strong>x</strong></span> <span class='ocrx_word' id='word_1_41' title='bbox 1363 1215 1395 1254; x_wconf 95' lang='lat' dir='ltr'><strong>o</strong></span> <span class='ocrx_word' id='word_1_42' title='bbox 1419 1215 1466 1254; x_wconf 90' lang='lat' dir='ltr'><strong>r.</strong></span> 
     </span>
     <span class='ocr_line' id='line_1_9' title="bbox 403 1303 1741 1363; baseline 0.003 -7"><span class='ocrx_word' id='word_1_43' title='bbox 403 1321 484 1357; x_wconf 79' lang='lat'><strong>420</strong></span> <span class='ocrx_word' id='word_1_44' title='bbox 516 1305 613 1361; x_wconf 91' lang='lat' dir='ltr'><strong>Ah</strong></span> <span class='ocrx_word' id='word_1_45' title='bbox 659 1304 929 1363; x_wconf 81' lang='lat' dir='ltr'><strong>rideam?</strong></span> <span class='ocrx_word' id='word_1_46' title='bbox 981 1304 1232 1363; x_wconf 82' lang='lat' dir='ltr'><strong>Stillabo</strong></span> <span class='ocrx_word' id='word_1_47' title='bbox 1279 1309 1410 1362; x_wconf 86' lang='lat' dir='ltr'><strong>tota</strong></span> <span class='ocrx_word' id='word_1_48' title='bbox 1458 1303 1741 1361; x_wconf 77' lang='lat' dir='ltr'><strong>lacrimis.</strong></span> 
     </span>
    </p>
   </div>
   <div class='ocr_carea' id='block_1_6' title="bbox 1124 1429 1601 1487">
    <p class='ocr_par' dir='ltr' id='par_1_6' title="bbox 1124 1429 1601 1487">
     <span class='ocr_line' id='line_1_10' title="bbox 1124 1429 1601 1487; baseline -0.004 -1"><span class='ocrx_word' id='word_1_49' title='bbox 1124 1429 1601 1487; x_wconf 81' lang='lat' dir='ltr'><strong>Veterator.</strong></span> 
     </span>
    </p>
   </div>
   <div class='ocr_carea' id='block_1_7' title="bbox 512 1534 2166 1706">
    <p class='ocr_par' dir='ltr' id='par_1_7' title="bbox 512 1534 2166 1706">
     <span class='ocr_line' id='line_1_11' title="bbox 518 1534 2166 1607; baseline 0 -15"><span class='ocrx_word' id='word_1_50' title='bbox 518 1535 645 1593; x_wconf 92' lang='lat' dir='ltr'><strong>Hoc</strong></span> <span class='ocrx_word' id='word_1_51' title='bbox 690 1541 883 1594; x_wconf 89' lang='lat' dir='ltr'><strong>restat</strong></span> <span class='ocrx_word' id='word_1_52' title='bbox 929 1542 1190 1595; x_wconf 88' lang='lat' dir='ltr'><strong>nostrum</strong></span> <span class='ocrx_word' id='word_1_53' title='bbox 1240 1541 1553 1607; x_wconf 87' lang='lat' dir='ltr'><strong>utrumque</strong></span> <span class='ocrx_word' id='word_1_54' title='bbox 1602 1540 1973 1593; x_wconf 80' lang='lat' dir='ltr'><strong>constantem</strong></span> <span class='ocrx_word' id='word_1_55' title='bbox 2021 1534 2166 1607; x_wconf 87' lang='lat' dir='ltr'><strong>fore,</strong></span> 
     </span>
     <span class='ocr_line' id='line_1_12' title="bbox 512 1633 1248 1706; baseline 0.001 -16"><span class='ocrx_word' id='word_1_56' title='bbox 512 1633 604 1690; x_wconf 89' lang='lat' dir='ltr'><strong>Ne</strong></span> <span class='ocrx_word' id='word_1_57' title='bbox 651 1635 874 1692; x_wconf 88' lang='lat' dir='ltr'><strong>sentiat</strong></span> <span class='ocrx_word' id='word_1_58' title='bbox 921 1635 1248 1706; x_wconf 85' lang='lat' dir='ltr'><strong>quicquam.</strong></span> 
     </span>
    </p>
   </div>
   <div class='ocr_carea' id='block_1_8' title="bbox 343 1756 2192 2231">
    <p class='ocr_par' dir='ltr' id='par_1_8' title="bbox 343 1756 2192 2231">
     <span class='ocr_line' id='line_1_13' title="bbox 1168 1756 1563 1816; baseline 0 -1"><span class='ocrx_word' id='word_1_59' title='bbox 1168 1756 1563 1816; x_wconf 67' lang='lat' dir='ltr'><strong>Comicus</strong></span> 
     </span>
     <span class='ocr_line' id='line_1_14' title="bbox 1314 1864 2000 1937; baseline 0.003 -18"><span class='ocrx_word' id='word_1_60' title='bbox 1314 1864 1520 1921; x_wconf 90' lang='lat' dir='ltr'><strong>Fidem</strong></span> <span class='ocrx_word' id='word_1_61' title='bbox 1570 1865 1772 1937; x_wconf 83' lang='lat' dir='ltr'><strong>magni</strong></span> <span class='ocrx_word' id='word_1_62' title='bbox 1818 1864 2000 1937; x_wconf 82' lang='lat' dir='ltr'><strong>IoviS‚</strong></span> 
     </span>
     <span class='ocr_line' id='line_1_15' title="bbox 515 1961 2192 2035; baseline 0.001 -17"><span class='ocrx_word' id='word_1_63' title='bbox 515 1961 666 2019; x_wconf 91' lang='lat' dir='ltr'><strong>Hem</strong></span> <span class='ocrx_word' id='word_1_64' title='bbox 715 1962 885 2034; x_wconf 89' lang='lat' dir='ltr'><strong>quid!</strong></span> <span class='ocrx_word' id='word_1_65' title='bbox 937 1961 1101 2031; x_wconf 82' lang='lat' dir='ltr'><strong>Quod</strong></span> <span class='ocrx_word' id='word_1_66' title='bbox 1149 1962 1481 2034; x_wconf 84' lang='lat' dir='ltr'><strong>inceptum!</strong></span> <span class='ocrx_word' id='word_1_67' title='bbox 1531 1961 1703 2035; x_wconf 83' lang='lat' dir='ltr'><strong>Puto,</strong></span> <span class='ocrx_word' id='word_1_68' title='bbox 1753 1963 1846 2018; x_wconf 91' lang='lat' dir='ltr'><strong>illi</strong></span> <span class='ocrx_word' id='word_1_69' title='bbox 1894 1978 1990 2019; x_wconf 87' lang='lat' dir='ltr'><strong>res</strong></span> <span class='ocrx_word' id='word_1_70' title='bbox 2036 1962 2192 2020; x_wconf 88' lang='lat' dir='ltr'><strong>male</strong></span> 
     </span>
     <span class='ocr_line' id='line_1_16' title="bbox 343 2058 1914 2133; baseline -0.002 -12"><span class='ocrx_word' id='word_1_71' title='bbox 343 2069 481 2121; x_wconf 64' lang='grc' dir='ltr'>[Μὴ]</span> <span class='ocrx_word' id='word_1_72' title='bbox 522 2058 747 2120; x_wconf 85' lang='lat' dir='ltr'><strong>Vertet.</strong></span> <span class='ocrx_word' id='word_1_73' title='bbox 843 2058 957 2118; x_wconf 84' lang='lat' dir='ltr'><strong>Sed</strong></span> <span class='ocrx_word' id='word_1_74' title='bbox 1005 2077 1144 2118; x_wconf 91' lang='lat' dir='ltr'><strong>ecce</strong></span> <span class='ocrx_word' id='word_1_75' title='bbox 1191 2060 1308 2117; x_wconf 88' lang='lat' dir='ltr'><strong>iam</strong></span> <span class='ocrx_word' id='word_1_76' title='bbox 1356 2060 1543 2133; x_wconf 81' lang='lat' dir='ltr'><strong>venit,</strong></span> <span class='ocrx_word' id='word_1_77' title='bbox 1594 2061 1711 2118; x_wconf 87' lang='lat' dir='ltr'><strong>iam</strong></span> <span class='ocrx_word' id='word_1_78' title='bbox 1757 2060 1914 2118; x_wconf 86' lang='lat' dir='ltr'><strong>retia</strong></span> 
     </span>
     <span class='ocr_line' id='line_1_17' title="bbox 404 2157 1920 2231; baseline 0.001 -17"><span class='ocrx_word' id='word_1_79' title='bbox 404 2174 485 2210; x_wconf 74' lang='lat'><strong>425</strong></span> <span class='ocrx_word' id='word_1_80' title='bbox 515 2157 739 2216; x_wconf 85' lang='lat' dir='ltr'><strong>Parata</strong></span> <span class='ocrx_word' id='word_1_81' title='bbox 784 2164 941 2216; x_wconf 88' lang='lat' dir='ltr'><strong>sunt.</strong></span> <span class='ocrx_word' id='word_1_82' title='bbox 1035 2158 1289 2231; x_wconf 69' lang='lat' dir='ltr'><strong>Accede,</strong></span> <span class='ocrx_word' id='word_1_83' title='bbox 1340 2159 1648 2231; x_wconf 88' lang='lat' dir='ltr'><strong>prenderis</strong></span> <span class='ocrx_word' id='word_1_84' title='bbox 1699 2160 1920 2217; x_wconf 86' lang='lat' dir='ltr'><strong>statim.</strong></span> 
     </span>
    </p>
   </div>
   <div class='ocr_carea' id='block_1_9' title="bbox 906 2344 1834 2405">
    <p class='ocr_par' dir='ltr' id='par_1_9' title="bbox 906 2344 1834 2405">
     <span class='ocr_line' id='line_1_18' title="bbox 906 2344 1834 2405; baseline 0.001 -3"><span class='ocrx_word' id='word_1_85' title='bbox 906 2344 1161 2403; x_wconf 81' lang='lat' dir='ltr'><strong>AOTVS</strong></span> <span class='ocrx_word' id='word_1_86' title='bbox 1208 2347 1320 2403; x_wconf 91' lang='lat' dir='ltr'><strong>III.</strong></span> <span class='ocrx_word' id='word_1_87' title='bbox 1394 2345 1706 2405; x_wconf 81' lang='lat' dir='ltr'>SCAENA</span> <span class='ocrx_word' id='word_1_88' title='bbox 1753 2346 1834 2403; x_wconf 88' lang='lat' dir='ltr'><strong>H.</strong></span> 
     </span>
    </p>
   </div>
   <div class='ocr_carea' id='block_1_10' title="bbox 498 2487 2237 2686">
    <p class='ocr_par' dir='ltr' id='par_1_10' title="bbox 498 2487 2237 2686">
     <span class='ocr_line' id='line_1_19' title="bbox 498 2487 2237 2548; baseline 0.003 -5"><span class='ocrx_word' id='word_1_89' title='bbox 498 2488 846 2546; x_wconf 83' lang='lat' dir='ltr'><strong>Avarus.</strong></span> <span class='ocrx_word' id='word_1_90' title='bbox 940 2487 1172 2545; x_wconf 82' lang='lat' dir='ltr'><strong>onr.</strong></span> <span class='ocrx_word' id='word_1_91' title='bbox 1270 2487 1664 2546; x_wconf 70' lang='lat' dir='ltr'><strong>Comicus</strong></span> <span class='ocrx_word' id='word_1_92' title='bbox 1759 2488 2237 2548; x_wconf 85' lang='lat' dir='ltr'><strong>Veterator.</strong></span> 
     </span>
     <span class='ocr_line' id='line_1_20' title="bbox 1032 2612 1681 2686; baseline 0.005 -18"><span class='ocrx_word' id='word_1_93' title='bbox 1032 2612 1355 2671; x_wconf 87' lang='lat' dir='ltr'><strong>Avarus</strong></span> <span class='ocrx_word' id='word_1_94' title='bbox 1403 2614 1681 2686; x_wconf 87' lang='lat' dir='ltr'><strong>loquitur.</strong></span> 
     </span>
    </p>
   </div>
   <div class='ocr_carea' id='block_1_11' title="bbox 510 2734 1939 3004">
    <p class='ocr_par' dir='ltr' id='par_1_11' title="bbox 510 2734 1939 3004">
     <span class='ocr_line' id='line_1_21' title="bbox 510 2734 1878 2811; baseline 0.002 -21"><span class='ocrx_word' id='word_1_95' title='bbox 510 2734 638 2792; x_wconf 87' lang='lat' dir='ltr'><strong>Iam</strong></span> <span class='ocrx_word' id='word_1_96' title='bbox 683 2741 917 2809; x_wconf 90' lang='lat' dir='ltr'><strong>tempus</strong></span> <span class='ocrx_word' id='word_1_97' title='bbox 965 2742 1076 2811; x_wconf 89' lang='lat' dir='ltr'><strong>est,</strong></span> <span class='ocrx_word' id='word_1_98' title='bbox 1125 2741 1192 2793; x_wconf 92' lang='lat' dir='ltr'><strong>ut</strong></span> <span class='ocrx_word' id='word_1_99' title='bbox 1238 2737 1366 2810; x_wconf 91' lang='lat' dir='ltr'><strong>ipse</strong></span> <span class='ocrx_word' id='word_1_100' title='bbox 1416 2737 1678 2794; x_wconf 88' lang='lat' dir='ltr'><strong>vicinum</strong></span> <span class='ocrx_word' id='word_1_101' title='bbox 1726 2738 1878 2795; x_wconf 89' lang='lat' dir='ltr'><strong>domi</strong></span> 
     </span>
     <span class='ocr_line' id='line_1_22' title="bbox 514 2832 1939 2907; baseline 0.002 -18"><span class='ocrx_word' id='word_1_102' title='bbox 514 2832 715 2890; x_wconf 79' lang='lat' dir='ltr'><strong>Visam</strong></span> <span class='ocrx_word' id='word_1_103' title='bbox 763 2850 924 2907; x_wconf 81' lang='lat' dir='ltr'><strong>suae,</strong></span> <span class='ocrx_word' id='word_1_104' title='bbox 975 2834 1074 2906; x_wconf 90' lang='lat' dir='ltr'><strong>qui</strong></span> <span class='ocrx_word' id='word_1_105' title='bbox 1121 2834 1222 2891; x_wconf 90' lang='lat' dir='ltr'><strong>det</strong></span> <span class='ocrx_word' id='word_1_106' title='bbox 1269 2836 1414 2891; x_wconf 91' lang='lat' dir='ltr'><strong>mihi</strong></span> <span class='ocrx_word' id='word_1_107' title='bbox 1462 2836 1794 2907; x_wconf 89' lang='lat' dir='ltr'><strong>pecuniam.</strong></span> <span class='ocrx_word' id='word_1_108' title='bbox 1858 2870 1939 2878; x_wconf 89' lang='lat'><strong>-—</strong></span> 
     </span>
     <span class='ocr_line' id='line_1_23' title="bbox 513 2930 1482 3004; baseline 0.002 -18"><span class='ocrx_word' id='word_1_109' title='bbox 513 2930 675 2989; x_wconf 83' lang='lat' dir='ltr'><strong>Heus</strong></span> <span class='ocrx_word' id='word_1_110' title='bbox 721 2932 885 3004; x_wconf 78' lang='lat' dir='ltr'><strong>heus,</strong></span> <span class='ocrx_word' id='word_1_111' title='bbox 936 2932 1224 3004; x_wconf 83' lang='lat' dir='ltr'><strong>magister</strong></span> <span class='ocrx_word' id='word_1_112' title='bbox 1269 2932 1482 2989; x_wconf 84' lang='lat' dir='ltr'><strong>Petre!</strong></span> 
     </span>
    </p>
   </div>
   <div class='ocr_carea' id='block_1_12' title="bbox 392 3056 1997 3563">
    <p class='ocr_par' dir='ltr' id='par_1_12' title="bbox 392 3056 1997 3563">
     <span class='ocr_line' id='line_1_24' title="bbox 1238 3056 1468 3114; baseline 0.009 -2"><span class='ocrx_word' id='word_1_113' title='bbox 1238 3056 1468 3114; x_wconf 86' lang='lat' dir='ltr'><strong>onr.</strong></span> 
     </span>
     <span class='ocr_line' id='line_1_25' title="bbox 1504 3165 1997 3238; baseline 0.002 -17"><span class='ocrx_word' id='word_1_114' title='bbox 1504 3165 1750 3238; x_wconf 83' lang='lat' dir='ltr'><strong>AmabO,</strong></span> <span class='ocrx_word' id='word_1_115' title='bbox 1802 3165 1997 3222; x_wconf 83' lang='lat' dir='ltr'><strong>dicere</strong></span> 
     </span>
     <span class='ocr_line' id='line_1_26' title="bbox 515 3259 1819 3333; baseline 0.002 -18"><span class='ocrx_word' id='word_1_116' title='bbox 515 3259 577 3315; x_wconf 77' lang='lat' dir='ltr'><strong>Si</strong></span> <span class='ocrx_word' id='word_1_117' title='bbox 625 3261 761 3330; x_wconf 91' lang='lat' dir='ltr'><strong>quid</strong></span> <span class='ocrx_word' id='word_1_118' title='bbox 810 3261 982 3333; x_wconf 77' lang='lat' dir='ltr'><strong>velis,</strong></span> <span class='ocrx_word' id='word_1_119' title='bbox 1032 3261 1166 3317; x_wconf 90' lang='lat' dir='ltr'><strong>hem</strong></span> <span class='ocrx_word' id='word_1_120' title='bbox 1215 3261 1398 3318; x_wconf 88' lang='lat' dir='ltr'><strong>dicito</strong></span> <span class='ocrx_word' id='word_1_121' title='bbox 1448 3262 1819 3321; x_wconf 83' lang='lat' dir='ltr'><strong>submissius!</strong></span> 
     </span>
     <span class='ocr_line' id='line_1_27' title="bbox 392 3386 1525 3462; baseline 0.012 -31"><span class='ocrx_word' id='word_1_122' title='bbox 392 3459 395 3462; x_wconf 9' lang='grc' dir='ltr'>η</span> <span class='ocrx_word' id='word_1_123' title='bbox 1178 3386 1525 3446; x_wconf 75' lang='lat' dir='ltr'><strong>Avarus</strong></span> 
     </span>
     <span class='ocr_line' id='line_1_28' title="bbox 395 3488 1052 3563; baseline 0.011 -22"><span class='ocrx_word' id='word_1_124' title='bbox 395 3507 482 3542; x_wconf 79' lang='lat'><strong>430</strong></span> <span class='ocrx_word' id='word_1_125' title='bbox 515 3488 683 3563; x_wconf 80' lang='lat' dir='ltr'><strong>Hem,</strong></span> <span class='ocrx_word' id='word_1_126' title='bbox 733 3491 904 3549; x_wconf 77' lang='lat' dir='ltr'><strong>salva</strong></span> <span class='ocrx_word' id='word_1_127' title='bbox 951 3492 1052 3549; x_wconf 90' lang='lat' dir='ltr'><strong>sis.</strong></span> 
     </span>
    </p>
   </div>
   <div class='ocr_carea' id='block_1_13' title="bbox 1062 3599 1691 3780">
    <p class='ocr_par' dir='ltr' id='par_1_13' title="bbox 1062 3599 1691 3780">
     <span class='ocr_line' id='line_1_29' title="bbox 1235 3599 1469 3658; baseline 0.009 -2"><span class='ocrx_word' id='word_1_128' title='bbox 1235 3599 1469 3658; x_wconf 61' lang='lat' dir='ltr'><strong>onr</strong></span> 
     </span>
     <span class='ocr_line' id='line_1_30' title="bbox 1062 3705 1691 3780; baseline 0.002 -16"><span class='ocrx_word' id='word_1_129' title='bbox 1062 3705 1438 3780; x_wconf 78' lang='lat' dir='ltr'><strong>SubmissiuS‚</strong></span> <span class='ocrx_word' id='word_1_130' title='bbox 1488 3708 1656 3765; x_wconf 90' lang='lat' dir='ltr'><strong>sodes</strong></span> <span class='ocrx_word' id='word_1_131' title='bbox 1679 3708 1691 3764; x_wconf 93' lang='lat'>!</span> 
     </span>
    </p>
   </div>
   <div class='ocr_carea' id='block_1_14' title="bbox 2246 260 2328 316">
    <p class='ocr_par' dir='ltr' id='par_1_14' title="bbox 2246 260 2328 316">
     <span class='ocr_line' id='line_1_31' title="bbox 2246 260 2328 316; baseline -0.012 0"><span class='ocrx_word' id='word_1_132' title='bbox 2246 260 2328 316; x_wconf 77' lang='lat'><strong>23</strong></span> 
     </span>
    </p>
   </div>
  </div>
 </body>
</html>
