2752 4170
496 208 637 262 XIV
1302 219 1611 274 Einleitung.

639 368 810 421 Venit
848 368 905 421 in
942 386 1135 421 manus
1174 376 1389 422 nostras
1441 378 1567 421 tuus
1613 369 1705 421 ille
1743 367 2039 433 Patelinus,
2079 385 2241 434 quem
2280 367 2420 420 adeo

497 441 736 508 eleganti
775 445 830 492 et
867 445 1096 492 venusto
1135 440 1376 493 carmine
1417 440 1647 502 donasti,
1697 446 1762 491 ut
1806 456 1916 491 non
1967 439 2070 491 nisi
2110 457 2142 490 a
2179 439 2417 506 quadam

496 510 661 564 Musa
698 517 754 564 et
792 529 856 564 ea
893 511 1114 579 quidem
1152 528 1260 564 una
1316 529 1383 563 ex
1440 511 1547 563 illis
1604 528 1802 563 novem
1857 510 2131 563 sororibus
2190 510 2418 563 omnino

493 600 743 650 manasse
782 582 1046 635 videatur.
1106 580 1382 649 Quicquid
1420 583 1565 635 enim
1604 599 1832 649 usquam
1872 588 1953 634 est
1977 581 2225 640 Veneris,
2267 582 2415 648 quic·

492 654 628 721 quid
665 660 721 706 et
759 653 1112 707 iucunditatis
1151 660 1206 706 et
1243 655 1460 722 leporis,
1500 654 1555 706 in
1595 671 1659 706 eo
1697 671 1806 705 uno
1846 653 2012 706 dubio
2049 654 2239 721 procul
2284 671 2413 706 con-

494 725 744 778 cinnasti.
820 724 895 778 Et
951 732 1170 794 praeter
1225 727 1378 789 sales,
1437 726 1529 792 qui
1585 729 1712 777 sunt
1767 724 2055 787 innumeri,
2111 724 2416 777 modulatio

493 814 710 864 quoque
749 797 826 848 sic
863 796 1092 849 titillans
1129 798 1392 850 lectorem
1431 796 1630 859 adficit,
1668 802 1731 849 ut
1770 795 1839 847 ad
1863 812 1978 848 sese
2007 796 2209 848 alliciat
2247 796 2414 848 veluti

491 867 700 920 ferrum
738 868 819 919 vis
859 868 1126 934 quaedam
1163 867 1453 936 Magnesia
1489 885 1590 920 nec
1629 867 1789 919 avelli
1828 868 1986 919 sinat.
2062 865 2196 934 Quis
2236 867 2408 920 credi-

493 939 662 991 disset
698 939 977 992 hominem
1024 939 1306 1006 utriusque
1362 939 1494 991 iuris
1551 939 1941 1007 peritissimum
1997 938 2162 991 etiam
2200 936 2411 1006 Apolli·

493 1027 652 1064 neam
680 1016 792 1063 tam
820 1016 1009 1063 exacte
1037 1010 1232 1062 callere
1259 1008 1494 1077 praxin¹l
1535 1009 1745 1062 Rarum
1782 1009 1901 1071 hoc,
1941 1026 2140 1073 rarum,
2168 1009 2411 1077 inquam.

492 1092 681 1134 nostro
720 1082 952 1146 saeculo,
990 1082 1159 1134 immo
1198 1098 1326 1134 vero
1365 1088 1421 1134 et
1458 1081 1650 1149 priscis
1688 1081 1930 1133 saeculiS.
1993 1079 2152 1133 Facis
2190 1086 2251 1132 tu
2289 1081 2406 1148 qui-

494 1152 620 1206 dem
656 1171 757 1220 pro
796 1153 1004 1221 ingenii
1042 1153 1123 1204 tui
1162 1152 1502 1218 dexteritate,
1544 1153 1678 1219 qua²²
1740 1152 1920 1205 studia
1968 1157 2064 1204 tua
2111 1153 2319 1204 evaries
2357 1158 2413 1205 et

494 1242 526 1276 a
565 1223 907 1292 gravioribus
946 1224 1017 1276 ad
1041 1225 1434 1276 mansuetiores
1453 1224 1614 1276 hasce
1640 1223 1828 1276 Musas
1856 1223 2140 1275 devertens
2169 1224 2411 1275 animum

491 1301 646 1347 tuum
686 1300 740 1347 et
778 1295 1042 1347 exhilares
1081 1302 1135 1348 et
1173 1313 1415 1348 exornes.
1456 1294 1581 1347 Hoc
1619 1295 1719 1346 tibi
1748 1312 2037 1346 amoenum
2064 1311 2277 1362 semper
2302 1293 2409 1346 fuit

493 1366 904 1418 deverticulum.
990 1365 1102 1418 Alii
1153 1384 1274 1418 suas
1337 1366 1664 1433 quibusdam
1726 1366 2060 1433 ingenerosis
2120 1383 2183 1418 ac
2237 1383 2411 1433 prope

491 1437 775 1490 servilibus
814 1437 1035 1490 ludicris
1062 1437 1193 1490 dum
1231 1437 1453 1491 student
1491 1454 1751 1500 recreare,
1790 1437 1965 1505 magis
1991 1437 2208 1489 irritant
2246 1454 2409 1504 quam

491 1509 749 1560 mulcent.
791 1505 901 1560 Sed
938 1508 995 1561 hi
1023 1516 1164 1571 sunt,
1194 1510 1288 1575 qui
1316 1509 1651 1576 superiorem
1678 1513 1915 1561 aetatem
1942 1509 2056 1560 sine
2084 1509 2206 1560 ullis
2233 1506 2410 1560 Musis

492 1580 710 1645 ulloque
749 1578 1005 1647 Apolline
1043 1586 1443 1647 transegerunt,
1502 1579 1696 1647 quibus
1753 1598 1853 1631 nec
1912 1580 2021 1631 ulla
2071 1597 2194 1630 cum
2250 1579 2410 1631 bonis

492 1668 732 1722 unquam
772 1651 967 1704 litteris
1006 1652 1141 1703 inita
1180 1658 1261 1704 est
1315 1651 1496 1719 gratia
1546 1669 1645 1703 nec
1701 1651 1822 1703 illos
1879 1650 2085 1703 Aonios
2141 1651 2410 1703 nectareis

492 1722 679 1774 rivulis
719 1740 933 1790 semper
971 1728 1239 1775 scatentes
1296 1722 1592 1775 fonticulos
1631 1716 1913 1789 degusta-l
1950 1728 2094 1773 runt.
2171 1719 2257 1772 Tu
2290 1722 2410 1773 istis

494 1795 654 1860 longe
692 1794 827 1845 mihi
866 1793 1051 1862 dispar
1086 1794 1301 1855 videriS,
1342 1800 1403 1846 ut
1441 1794 1531 1860 qui
1562 1794 2043 1845 excellentissimae
2082 1793 2275 1859 cuique
2301 1794 2406 1845 arti

494 1870 549 1916 et
585 1882 683 1932 per
722 1865 894 1917 otium
934 1872 988 1918 et
1025 1883 1123 1932 per
1160 1866 1562 1933 occupationeS,
1603 1870 1864 1931 quantam
1912 1880 2126 1932 semper
2163 1864 2406 1932 potuisti,

492 1952 714 2003 operam
743 1938 970 2008 navasti.
1012 1934 1134 2003 Quo
1172 1936 1248 1999 fit,
1292 1942 1349 1988 ut
1388 1954 1534 1988 nunc
1562 1936 1887 1988 dulcissimis
1913 1936 2160 1987 laborum
2187 1940 2406 1987 tuorum

494 2006 761 2059 fructibus
820 2008 936 2075 ipse
974 2007 1189 2061 fruaris.
1264 2007 1549 2060 Laudatur
1587 2008 1826 2074 Apelles,
1867 2024 1967 2058 nec
2026 2006 2094 2058 ab
2143 2024 2217 2069 re,
2259 2007 2405 2073 quod

491 2079 650 2131 nulla.
679 2079 793 2131 dies
833 2079 948 2132 sine
988 2079 1131 2132 linea
1168 2080 1270 2147 ipsi
1309 2079 1649 2147 praeteriret.
1726 2078 1803 2131 At
1842 2083 2046 2146 quanto
2104 2078 2254 2130 venis
2311 2078 2404 2131 illo

492 2151 666 2218 magis
704 2151 759 2202 in
800 2150 901 2203 hoc
940 2151 1257 2216 laudandus,
1298 2169 1421 2203 cum
1459 2150 1561 2202 tibi
1600 2169 1667 2202 ne
1705 2151 1838 2202 hora
1879 2149 2098 2216 quidem
2156 2149 2270 2203 sine
2309 2150 2404 2202 ali-

491 2240 599 2289 quo
638 2221 842 2286 ingenii
883 2223 963 2274 tui
1000 2221 1115 2274 fetu
1155 2221 1489 2289 praetereat!
1550 2221 1819 2290 Quodque
1858 2219 2156 2274 Caecilius⁸
2193 2222 2282 2273 ille
2339 2221 2408 2273 de

491 2295 758 2345 avunculo
796 2312 892 2345 suo
931 2294 1192 2360 scriptum
1230 2294 1465 2359 reliquit,
1508 2293 1574 2345 de
1613 2299 1682 2358 te,
1723 2293 1798 2345 mi
1837 2294 2118 2356 avuncule,
2158 2294 2273 2345 iure
2312 2310 2406 2360 op-

492 2363 626 2416 timo
666 2364 845 2417 dicere
883 2383 1130 2431 possum;
1170 2382 1406 2431 namque
1445 2370 1505 2416 ut
1544 2364 1634 2416 ille
1674 2364 1750 2416 sic
1779 2369 1833 2416 et
1858 2369 1917 2416 tu
1944 2365 2224 2416 arbitraris
2247 2381 2407 2416 omne

492 2447 705 2502 tempus
744 2436 938 2503 perire,
978 2435 1124 2502 quod
1162 2436 1343 2489 studio
1399 2455 1511 2489 non
1570 2436 1934 2504 impendatur,
1985 2440 2040 2488 et
2087 2441 2290 2502 quanta
2326 2435 2404 2487 illi

491 2506 714 2568 exstitit,
754 2513 909 2558 tanta
946 2513 1001 2559 et
1037 2507 1154 2569 tibi,
1195 2507 1290 2559 sed
1329 2508 1508 2559 adhuc
1558 2508 1732 2560 maior
1781 2508 2042 2574 temporis
2101 2515 2182 2559 est
2236 2507 2408 2575 parsi-

492 2578 691 2629 monia.
764 2577 948 2644 Atque
987 2577 1122 2630 adeo
1174 2597 1408 2645 semper·
1443 2579 1648 2646 aliquid
1705 2579 1912 2646 grande
1968 2579 2220 2646 parturis,
2262 2578 2408 2644 quod

492 2648 798 2714 aliquandO,
840 2666 1134 2716 speramus,
1174 2651 1367 2718 paries.
1443 2649 1592 2703 Tuus
1643 2650 1731 2702 hic
1787 2649 2068 2702 Patelinus
2131 2649 2407 2716 quoddam

493 2725 573 2772 est
612 2720 886 2786 specimen
924 2724 1103 2786 atque,
1145 2727 1205 2772 ut
1244 2722 1320 2773 ita
1358 2722 1605 2784 dixerim,
1645 2722 1988 2790 praeludium
2032 2721 2254 2773 maioris
2310 2721 2406 2772 ali-

491 2791 642 2843 cuius
681 2791 858 2858 operis
897 2792 1110 2844 edendi.
1152 2789 1244 2845 Sic
1282 2793 1428 2844 enim
1467 2794 1660 2860 optimi
1701 2793 1900 2860 quique
1941 2798 2091 2845 vates
2130 2793 2238 2844 suis
2278 2808 2405 2859 ope-

493 2863 641 2915 ribus
681 2863 863 2915 arduis
899 2865 1296 2930 praeluserunt.

632 2933 798 2985 Illum
838 2935 1020 3001 itaque
1059 2936 1287 3003 suscepi,
1327 2943 1388 2986 ut
1424 2936 1749 3003 impressum
1800 2952 1984 2986 rursus
2038 2935 2104 2986 iri
2145 2951 2407 2996 curarem,

491 3022 662 3071 eoque
701 3007 890 3069 magis,
931 3006 1075 3072 quod
1114 3007 1263 3074 prius
1303 3006 1691 3073 chalcographi
1729 3025 1863 3074 opus
1913 3005 2408 3058 defaecatissimum

493 3094 620 3128 suae
659 3070 1001 3143 ignorantiae.
1038 3078 1264 3130 maculis
1304 3077 1510 3144 aliquot
1550 3078 1606 3129 in
1645 3077 1777 3129 locis
1817 3078 2154 3146 polluissent.
2230 3077 2409 3143 Quam

491 3147 829 3214 provinciam
868 3148 1102 3200 libenter
1140 3149 1302 3208 obivi,
1344 3167 1468 3200 cum
1508 3155 1568 3200 ut
1606 3149 1663 3200 in
1686 3148 1788 3200 hac
1827 3157 1982 3215 parte
2022 3149 2122 3201 tibi
2159 3148 2408 3200 nonnihil

491 3219 845 3286 gratificarer,
884 3226 1000 3271 tum
1040 3225 1114 3283 ut,
1155 3224 1420 3286 quantum
1471 3219 1570 3271 tibi
1629 3220 1890 3282 debeam,
1949 3221 2130 3272 auimo
2186 3237 2409 3286 prorsus

492 3289 665 3341 effuso
704 3291 843 3342 hanc
881 3297 1073 3342 nactus
1111 3291 1579 3358 opportunitatem
1638 3309 2028 3357 expromerem.
2090 3290 2316 3343 Etenim
2352 3296 2409 3343 te

494 3378 739 3413 meorum
778 3361 1081 3414 studiorum
1119 3360 1391 3413 fautorem
1443 3380 1657 3430 semper
1706 3362 1968 3414 hactenus
2025 3362 2240 3414 abunde
2289 3381 2408 3414 sum

652 3534 685 3584 ¹)
716 3533 904 3587 praxim
936 3532 987 3576 C.

648 3604 683 3654 ²)
715 3602 800 3656 qui
829 3603 880 3648 C.

650 3675 685 3722 ³)
718 3672 910 3715 Plinius
936 3674 1184 3722 Caecilius
1216 3674 1487 3730 Secundus,
1521 3674 1777 3748 Epistulae
1807 3684 1847 3732 3,
1879 3685 1919 3731 ὁ,
1952 3685 2015 3719 16.
