2752 4170
920 278 1323 322 ADvocATvs
1402 266 1503 329 IV,
1543 270 1604 332 43
1633 267 1683 320 5.
2169 264 2192 320 l
2214 264 2234 320 l
2257 265 2276 320 1

795 453 1050 513 ACTVS
1096 456 1203 513 IV.
1303 455 1614 513 SCAENA
1665 455 1771 513 IV.

485 598 1016 669 Negotiator.
1111 598 1645 671 Philotipus‚
1698 599 2042 656 advocatus.

1068 742 1602 814 Negotiator.

476 848 629 917 Quid
677 843 779 907 hic
826 849 1013 906 habeo
1060 847 1352 906 monstri?

1069 964 1586 1038 Philotipus.

1435 1072 1600 1129 Bone
1649 1072 1879 1144 hospes⁷
1932 1071 2199 1143 supplico

476 1168 566 1225 Ne
616 1169 795 1242 perde
842 1186 933 1226 me
955 1169 966 1225 i
1017 1168 1337 1226 Pecuniam
1390 1170 1537 1227 dabo
1584 1170 1696 1226 tibi

476 1267 941 1339 Amplissimam.

1065 1383 1119 1439 N
1141 1401 1171 1440 e
1196 1401 1235 1455 g
1256 1401 1287 1439 o
1308 1383 1374 1439 ti
1399 1401 1434 1439 a
1453 1390 1479 1440 t
1501 1400 1532 1439 o
1553 1400 1601 1439 r.

992 1489 1039 1547 Ο
1086 1489 1374 1562 Iuppiter,
1427 1490 1595 1547 homo
1644 1495 1757 1547 est.
1854 1490 2196 1562 Prodigium

474 1588 715 1659 Rarum,
766 1588 957 1644 virum
1005 1603 1109 1659 pro
1158 1604 1331 1659 porco
1383 1588 1606 1650 emere!

1066 1700 1116 1757 P
1137 1702 1174 1757 h
1196 1702 1215 1758 i
1239 1703 1258 1758 l
1280 1719 1311 1758 o
1332 1708 1359 1759 t
1380 1703 1400 1758 i
1421 1720 1457 1775 p
1479 1721 1516 1758 u
1539 1721 1585 1758 s,

1634 1809 1841 1884 Parce,
1892 1828 2115 1884 precor,

369 1924 446 1960 645
476 1908 717 1965 Homini
764 1908 976 1965 misero
1000 1909 1010 1964 !

1056 2023 1109 2080 N
1131 2041 1162 2080 e
1185 2042 1224 2097 g
1245 2041 1276 2080 o
1296 2030 1324 2080 t
1346 2024 1363 2079 i
1388 2041 1423 2080 a
1442 2029 1468 2080 t
1490 2041 1520 2080 o
1543 2041 1588 2079 r.

1051 2130 1236 2188 Totus
1285 2148 1316 2187 o
1365 2131 1487 2187 risu
1535 2131 1786 2201 quatior.

473 2226 586 2284 Sed
635 2229 771 2299 quid
822 2235 1176 2300 crepuerunt
1226 2228 1381 2285 fores
1431 2229 1490 2283 in
1539 2227 1843 2300 proximo?

798 2431 1053 2489 ACTVS
1100 2433 1207 2489 IV.
1302 2432 1613 2489 SCAENA
1666 2432 1738 2488 V.

593 2574 952 2632 Racilia.
1045 2575 1575 2647 Negotiator.
1673 2575 2196 2650 Philotipu57

1160 2673 1506 2731 advocatus.

1145 2815 1507 2873 Racilia.

475 2921 522 2979 O
571 2922 793 2996 Pallas,
845 2940 876 2979 o
923 2922 1089 2995 Iuno,
1141 2922 1223 2978 dii
1272 2939 1586 2994 omnesque
1636 2923 1799 2993 deae,

474 3018 812 3077 Succurrite
861 3021 1110 3077 miserae
1158 3021 1579 3092 innoeentique
1627 3021 1803 3076 mihi!

1066 3154 1600 3233 Negotiator.

476 3259 692 3318 Mulier
739 3262 885 3317 haec
932 3262 1105 3318 malis
1158 3261 1393 3318 videtur
1438 3260 1635 3316 Furiis

371 3374 449 3409 650
480 3357 844 3416 Transverso
894 3360 1009 3431 agi.
1107 3358 1253 3427 Quid
1307 3358 1572 3415 elamat?

1170 3492 1493 3549 Racilia.

1544 3600 1590 3655 O
1640 3605 1700 3656 et
1748 3599 1990 3671 impium

476 3696 556 3752 Et
604 3696 958 3769 sacrilegum
1007 3704 1068 3754 et
1116 3698 1472 3754 sceleratum
1521 3729 1608 3738 —
