2752 4170
968 283 1369 334 AnvocA'rvs.
1456 271 1502 333 Ι,
1543 272 1592 323 2.
2218 267 2297 325 79

1195 442 1471 500 Glitho.

952 569 1040 626 Ne
1089 569 1177 626 sic
1226 568 1486 625 animum
1532 567 1836 624 induxeris

371 683 450 719 155
480 667 734 725 Facere!
785 667 1084 739 Penelope
1133 683 1316 723 annos
1364 666 1567 722 decem
1617 666 1921 722 absentem
1966 665 2111 721 tulit

486 764 692 821 Virum
740 765 958 837 pudica
1004 770 1181 836 atque
1230 764 1565 820 innocens..
1628 762 1824 834 Hippo
1872 761 2131 818 hostium

477 862 747 935 Excepta
795 864 1005 936 classe,
1054 878 1129 919 ne
1176 861 1434 919 violaret
1479 863 1631 918 bona

476 960 829 1032 Pudicitiae,
879 959 1115 1018 insiluit
1161 960 1223 1015 in
1272 960 1459 1016 altum
1506 975 1685 1016 mare.

475 1058 755 1115 Lucretia
803 1074 1012 1130 corpus
1060 1074 1225 1115 suum
1273 1056 1584 1128 Tarquinii

373 1173 451 1208 160
481 1155 693 1229 Stupro
743 1157 1052 1213 subactum
1100 1160 1285 1212 morte
1335 1154 1630 1225 caedeque
1679 1153 1892 1210 obruit.

1158 1306 1485 1363 Racilia.

475 1430 769 1503 Exempla
814 1430 1044 1503 profers
1088 1436 1276 1487 recta.
1370 1428 1486 1487 Sed
1534 1445 1640 1486 nos
1687 1429 1888 1487 deficit

473 1526 785 1585 Commoda
832 1526 1090 1585 facultas
1137 1527 1362 1597 facere;
1416 1527 1649 1598 quidvis
1683 1527 1967 1600 optimum

470 1625 623 1698 Erit,
674 1624 829 1683 fame
877 1643 950 1683 ne
999 1626 1461 1684 commoriamur.

1184 1776 1225 1834 C
1244 1777 1264 1832 l
1280 1778 1300 1832 i
1316 1777 1393 1833 th
1411 1794 1462 1834 0.

1477 1873 1662 1930 Putas

466 1972 556 2029 Ne
604 1972 760 2029 istud
780 1971 807 2028 ⁴?

1151 2097 1487 2153 Racilia.

830 2221 1001 2279 Puto,
1101 2221 1367 2279 Concedo
1416 2238 1571 2278 nunc
1619 2221 1680 2276 in
1729 2221 2053 2293 proximum

358 2336 436 2371 165
464 2320 701 2393 Locum,
752 2326 818 2377 ut
851 2320 1038 2377 colam
1086 2318 1348 2377 fundum.

1180 2469 1221 2527 C
1242 2471 1331 2526 lit
1345 2471 1385 2526 h
1403 2488 1454 2526 0.

1408 2577 1506 2635 Sic
1556 2579 1702 2652 abis,
1751 2579 1954 2637 vicina
1999 2576 2175 2634 mea?

1146 2711 1201 2767 R
1217 2728 1251 2767 a
1269 2712 1331 2767 ci
1347 2711 1367 2766 1
1386 2712 1407 2766 1
1425 2729 1478 2768 6.

462 2828 646 2885 Abeo.
739 2827 988 2884 Interim
1035 2827 1284 2884 valebis,

1177 2986 1453 3046 Clith0.

1298 3112 1379 3168 Et
1424 3117 1491 3168 tu
1538 3128 1781 3183 quoque,
1831 3110 2093 3168 Racilia!
2145 3145 2232 3153 -

461 3209 736 3268 Profecto
785 3210 935 3267 facit
982 3211 1335 3267 iuvenculae
1384 3209 1523 3266 huic
1571 3209 1846 3265 iniuriam

461 3308 712 3365 Maritus
759 3309 885 3381 1116,
937 3307 1195 3378 adeoque
1244 3307 1591 3364 demirarier

460 3405 630 3462 Hanc
678 3406 1000 3463 stultitiam
1046 3422 1162 3463 non
1210 3422 1356 3477 queo
1406 3405 1573 3462 satis.
1668 3405 1832 3461 Bono

356 3520 436 3556 170
464 3503 556 3559 Ex
600 3504 822 3561 rustico
871 3503 977 3560 fiat
1025 3504 1216 3560 malus
1264 3504 1396 3573 quis
1443 3502 1782 3559 monachus

464 3600 561 3658 Sic
610 3607 732 3658 est:
784 3618 890 3658 sua
936 3601 1087 3657 nulli
1135 3600 1336 3673 placet
1384 3599 1641 3657 fortuna.
1738 3599 1852 3656 Sed

459 3697 705 3755 Domum
751 3704 1039 3770 revertar,
1091 3703 1156 3754 ut
1204 3697 1342 3768 quid
1392 3702 1609 3769 agatur
1653 3698 1857 3755 sciam.
