2752 4170
1119 235 1530 279 VETERATOR.
1601 224 1646 288 I,
1691 226 1736 277 1.

555 432 605 468 20
635 415 820 485 Quam
866 414 1119 489 primum
1166 420 1298 472 erat
1346 418 1617 487 coeptum
1666 415 1889 472 moveri
1937 415 2196 488 iurgium
2216 435 2236 471 τ

627 506 821 571 ‘Heus
867 518 1069 571 noster
1114 512 1213 570 hic
1259 512 1495 571 vicinus
1542 512 1700 571 adsit
1747 513 1941 570 ocius!

632 610 748 668 Ille
795 611 945 668 artis
993 615 1086 669 est
1132 614 1413 683 expertus
1460 610 1668 668 orandi
1716 611 1915 684 probe,

636 707 888 767 Causam
935 707 1166 766 fovebit
1212 708 1431 765 callide
1476 724 1667 765 meam
1714 699 1934 766 nimis.³

636 805 914 879 Plerique
962 806 1033 863 de
1079 811 1142 863 te
1189 822 1389 863 omnes
1436 804 1710 864 ferebant
1755 806 1903 863 haec
1949 808 2120 863 bona.

558 921 608 957 25
639 903 752 962 Sed
798 921 955 961 nunc
1002 903 1132 976 quis
1179 910 1290 977 est,
1340 904 1440 976 qui
1485 902 1589 961 te?
1681 902 1957 961 Profecto
2004 903 2294 976 proximis-

638 1001 753 1059 Sex
798 1001 1097 1059 mensibus
1144 1017 1313 1059 nemo
1360 1001 1600 1075 petivit,
1649 1006 1716 1058 ut
1763 1002 1876 1060 sibi

483 1115 604 1161 [asa]
637 1101 982 1159 Advocatus
1029 1097 1291 1170 adfores3
1343 1099 1448 1158 sed
1494 1100 1828 1157 mehercule

641 1197 855 1256 Omnes
904 1198 977 1255 ad
1023 1213 1201 1254 unum
1246 1203 1308 1255 te
1357 1213 1597 1255 severas
1644 1197 1994 1270 praedicant

642 1296 809 1353 Lites
857 1296 963 1353 sub
1013 1297 1169 1352 ulmo
1217 1296 1513 1353 ventilare
1561 1293 1825 1353 frondea.

1318 1452 1762 1515 Veterator.

563 1589 611 1623 30
642 1572 729 1644 Id,
780 1572 897 1629 nisi
945 1573 1128 1630 velim
1174 1573 1403 1630 iactare
1449 1588 1541 1629 me
1588 1573 1741 1644 plus,
1792 1572 1921 1629 dico
1971 1588 2099 1644 eg0,

643 1669 805 1738 Quod
853 1686 1022 1727 nemo
1070 1675 1274 1728 nostra
1321 1676 1414 1727 est
1462 1675 1609 1743 arte,
1660 1669 1923 1741 quisquis
1971 1670 2022 1727 is
2070 1669 2205 1740 siet,

642 1767 758 1824 Vbi
804 1773 1080 1825 teruntur
1126 1769 1582 1840 quanticumque
1630 1767 1905 1839 ponderis

645 1864 890 1939 Causae,
940 1867 1187 1939 peritus,
1238 1867 1336 1938 qui
1385 1866 1465 1923 sit
1512 1881 1791 1923 excussor
1835 1866 2027 1938 magis

642 1966 767 2021 Aut
814 1964 940 2022 litis
988 1969 1093 2020 aut
1138 1964 1367 2037 negotii
1418 1963 1763 2035 cuiuspiam.

1437 2106 1657 2165 onr.

565 2240 616 2275 35
645 2222 796 2292 Quid
844 2224 1000 2281 istuc
1047 2224 1243 2281 adfert
1290 2221 1618 2280 commodi?
1712 2222 1862 2291 Quid
1909 2223 2057 2280 haec
2104 2220 2348 2280 refers?

647 2321 826 2379 Fame
873 2322 1131 2393 perimus
1179 2320 1457 2394 squalidi,
1509 2321 1684 2394 senti,
1736 2320 1912 2378 obsiti

646 2417 870 2476 Pannis
903 2436 1012 2477 nec
1059 2436 1303 2491 usquam
1351 2435 1424 2476 ex
1471 2419 1565 2476 his
1615 2418 1787 2476 malis
1836 2435 2137 2491 emergere

647 2515 947 2573 ValemuS.
1043 2517 1212 2590 Hem,
1264 2517 1402 2588 quid
1451 2516 1603 2573 scire
1651 2516 1820 2572 nobis
1868 2514 2093 2588 profuit

647 2611 880 2670 Tuum?

1333 2754 1777 2813 Veterator.

880 2883 975 2939 Ha
1021 2882 1187 2939 tace!
1283 2880 1401 2937 Per
1446 2882 1555 2938 hoc
1605 2886 1783 2953 caput
1831 2881 1958 2937 iuro
2005 2880 2138 2936 tibi.

568 2997 619 3032 ιο
648 2980 823 3052 (Quid
871 2982 1006 3055 hoc)
1054 2996 1242 3037 meam
1290 2979 1340 3036 si
1388 2979 1867 3051 intellegentiam
1916 2979 2094 3035 semel

650 3079 985 3152 AdduxerO,
1033 3082 1102 3135 ut
1148 3076 1284 3134 faxo
1333 3093 1498 3132 meae
1546 3076 1872 3148 periculum

651 3176 1033 3249 Prudentiae,
1084 3175 1252 3232 nobis
1301 3179 1476 3231 erunt
1525 3175 1728 3231 statim
1775 3179 1976 3247 togae,

498 3283 622 3334 [23¹0]
656 3272 894 3347 Capitia
942 3279 1002 3330 et
1048 3273 1198 3329 lauti
1248 3272 1423 3330 simul
1472 3272 1803 3330 videbimur

654 3372 734 3428 Et
780 3371 1096 3445 splendidi.
1191 3370 1353 3428 Deus
1403 3372 1636 3427 laborat
1681 3370 1973 3442 perbrevi.

1445 3529 1659 3586 onr.

576 3671 626 3706 45
656 3654 779 3723 Quo
825 3655 930 3711 fiat
975 3655 1033 3709 id
1082 3661 1276 3728 pact0,
1326 3671 1553 3727 precor,
1602 3654 1841 3710 tandem
1889 3653 2102 3711 edoce!
