2752 4170
976 271 1378 314 AnvooATVS.
1463 258 1510 324 Ι,
1550 261 1599 314 2.

490 432 708 490 Rerum
755 436 848 490 est
894 431 1095 503 aliqua
1140 431 1410 490 satietas
1503 431 1655 488 Nam
1701 430 1961 487 taedium

14 467 17 586 μ
491 530 669 587 Vitae
717 529 905 603 ipsius
954 528 1186 587 confert
1230 535 1528 601 senectuS,
1578 528 1862 587 excidunt

14 591 17 700 ὲ
496 628 616 685 Vsu
662 628 1024 700 voluptates,
1073 627 1225 684 nihil
1274 643 1391 683 non
1440 627 1680 699 corruit,

14 715 15 740 ³
489 726 820 784 Fastidium
866 726 1061 783 virtus
1107 726 1291 782 habet
1336 723 1463 782 fere
1511 741 1696 782 suum.

411 839 460 875 75
491 822 629 881 Sola
676 828 770 881 est
816 823 1078 881 avaritia
1123 822 1293 880 modo
1342 839 1551 880 carens
1599 837 1786 893 neque

486 922 693 979 Finem
739 922 963 979 habens
1008 921 1214 978 ullum.
1265 953 1352 962 —
1401 918 1514 977 Sed
1563 919 1701 992 quid
1747 918 2043 976 Raciliam

14 989 17 1162 ,
488 1019 604 1076 Hic
653 1019 961 1094 conspicor
1005 1024 1130 1075 tam
1176 1034 1346 1075 mane
1396 1016 1640 1074 fundum
1689 1016 1951 1075 verrere!

490 1114 536 1172 Ο
585 1117 757 1174 salva
805 1117 886 1174 sis
934 1114 1234 1188 felixque!
1285 1114 1457 1188 Quid,
1506 1114 1746 1172 Racilia

489 1213 725 1287 Vicina,
774 1212 887 1271 fit?
935 1213 1087 1283 Quid
1136 1211 1387 1285 agitur?
1435 1213 1530 1269 An
1579 1212 1749 1270 salva
1796 1208 2031 1268 omnia?

1172 1344 1511 1402 Racilia.

410 1460 459 1496 80
493 1442 676 1502 Salva
723 1444 920 1501 omnia
965 1448 1032 1501 ut
1079 1440 1244 1501 sint?
1292 1442 1427 1500 Vah
1474 1459 1707 1516 premor
1751 1442 1955 1499 multis
2002 1441 2220 1499 misera

488 1540 684 1614 Malis,
735 1558 844 1598 nec
892 1540 1195 1599 infelicius
1244 1540 1555 1612 quicquam
1604 1556 1732 1598 esse
1780 1557 1872 1597 me

485 1639 711 1698 Potest.

1199 1762 1487 1821 Clitho.

746 1861 944 1921 Grave
992 1867 1103 1935 est,
1154 1863 1304 1934 quod
1353 1861 1525 1919 (licie.
1619 1861 1704 1917 At
1750 1860 1800 1918 si
1848 1877 1940 1918 me
1988 1865 2165 1933 putes

493 1962 615 2017 Aut
662 1960 1017 2018 consolando
1067 1965 1170 2017 aut
1218 1959 1467 2018 consilio
1514 1959 1722 2016 iuvare
1769 1963 1830 2015 te

490 2057 690 2132 Posse,
742 2058 978 2134 explica
1023 2058 1314 2117 mentem!
1364 2057 1551 2115 Dabit
1595 2056 1770 2114 finem
1817 2056 1979 2114 Deus

408 2172 459 2209 85
490 2157 765 2229 Aliquem
812 2156 1086 2214 miseriis.

1189 2278 1509 2336 Racilia.

1109 2377 1241 2435 Non
1291 2376 1464 2434 decet
1509 2393 1601 2433 me
1649 2375 1949 2433 offundere

488 2474 812 2547 Quicquam
858 2476 1168 2533 molestiae
1214 2480 1317 2532 tuo
1367 2470 1581 2532 animo.

1199 2616 1477 2674 Clitho.

1601 2716 1814 2787 Decet,

491 2814 725 2889 Vicina,
774 2820 855 2872 te.
949 2815 1100 2871 Nam
1147 2814 1415 2871 homines
1463 2829 1661 2871 sumus
1710 2819 1769 2870 et
1819 2810 2097 2882 dicimur,

486 2913 924 2971 Necessitatem
971 2917 1039 2969 ut
1082 2910 1457 2984 perferamus
1504 2916 1728 2968 mutuo,

1184 3063 1513 3120 Racilia.

487 3162 662 3219 Facis
708 3167 809 3218 tuo
859 3161 1091 3233 quidem
1139 3160 1326 3234 modo,
1375 3160 1670 3232 benignus
1717 3164 1783 3216 ut

406 3278 457 3312 90
489 3259 618 3317 Sies
667 3261 982 3332 comisque.
1077 3257 1191 3316 Sed
1240 3259 1402 3316 sinas
1448 3259 1602 3315 bona
1647 3264 1754 3315 tua

486 3357 664 3432 Pace,
714 3364 780 3415 ut
828 3358 1016 3415 colam
1064 3355 1307 3413 fundum
1353 3355 1570 3413 relicta
1617 3356 1689 3411 ab
1738 3353 2005 3412 omnibus

491 3454 679 3529 Culpa
725 3456 841 3513 viri
888 3454 1172 3528 improbi!

1204 3577 1411 3636 Glith
1429 3595 1480 3635 0.
1519 3606 1524 3613 ·

1177 3686 1419 3757 Malum,
1471 3683 1611 3756 quid
1661 3683 1865 3741 audio!

2213 248 2307 314 ⁴75
