2752 4170
940 285 1349 329 VETERATOR.
1421 274 1531 337 ΠΙ,
1571 277 1621 331 3.
2165 324 2175 332 .
2214 272 2294 330 41

492 443 776 517 Empedif
818 444 955 502 dieh
1003 446 1370 518 guitebunan

487 542 641 611 Quet
687 549 935 615 querent
981 544 1038 601 ol
1088 543 1189 601 dre
1238 544 1624 601 douehaman.

1135 667 1177 724 G
1201 685 1233 724 0
1254 685 1310 724 m
1333 668 1354 723 i
1376 684 1408 724 e
1428 685 1466 725 u
1487 685 1534 726 s.

482 773 899 831 Britannicum
946 779 1107 831 certe
1157 790 1285 832 esse
1334 791 1659 849 sermonem
1708 776 1863 832 hunc
1911 783 2073 848 puto.

1170 899 1514 958 Avarus,

374 1021 455 1058 τεο
485 1004 735 1078 Operam
786 1006 923 1063 dato
972 1006 1085 1079 illi,
1137 1007 1408 1077 obsecro;
1460 1023 1712 1078 namque
1760 1024 1915 1064 nune
1963 1009 2105 1064 obit.

484 1102 566 1160 Vt
613 1105 823 1177 garrit,
874 1110 940 1160 ut
986 1104 1264 1175 balbutit,
1314 1109 1383 1161 ut
1428 1122 1584 1161 nune
1633 1105 1921 1162 somniat!

1216 1227 1461 1286 onn

484 1333 623 1392 Scin
670 1341 756 1409 tu,
806 1335 943 1407 quid
992 1334 1127 1393 est?
1219 1335 1486 1392 Advenit
1533 1352 1565 1392 e
1613 1336 1932 1393 Britannia

486 1430 723 1491 Pride'm
771 1433 860 1490 sui
910 1439 1100 1491 mater
1145 1434 1362 1506 patris3
1416 1451 1571 1490 nune
1620 1439 1713 1491 est
1760 1435 1815 1491 ei

479 1531 550 1588 In
600 1548 698 1589 ore
747 1548 935 1589 sermo
982 1536 1225 1604 propter
1271 1532 1330 1588 id
1372 1531 1787 1589 Britannicus

1174 1656 1229 1712 Α
1250 1673 1288 1713 v
1311 1674 1345 1711 a
1364 1673 1396 1712 r
1415 1674 1452 1712 u
1473 1672 1519 1713 s.

325 1773 453 1825 [dm]
483 1763 630 1820 Abit
676 1762 961 1835 profecto.
1057 1763 1217 1820 Ades
1264 1763 1478 1835 prope!

1216 1886 1452 1944 onr.

1346 1994 1518 2063 Hem,
1570 1996 1832 2052 solamne
1881 2013 1972 2053 me

379 2163 383 2168 ι
480 2091 780 2164 Linques‘?
814 2092 1003 2165 Eheu,
1040 2093 1176 2163 quid
1211 2093 1281 2149 de
1315 2110 1407 2149 me
1440 2092 1659 2165 agam?
1693 2093 1973 2151 Miseram
1992 2111 2083 2152 me
2111 2095 2291 2152 eheu!

481 2189 618 2248 Sola
666 2191 763 2247 hie
813 2207 960 2248 anus
1007 2192 1254 2248 manebo
1302 2193 1476 2248 rebus
1525 2192 1793 2249 omnibus

482 2287 704 2360 Egens⁷
755 2289 1073 2346 amicorum
1120 2289 1219 2345 hie
1265 2289 1491 2346 habens
1538 2289 1709 2346 nihil.

1133 2411 1174 2468 C
1198 2430 1228 2469 0
1250 2413 1347 2469 mi
1371 2430 1402 2469 e
1424 2430 1461 2468 u
1482 2430 1527 2470 s.

1759 2519 1926 2576 Nihil
1944 2519 1972 2575 ⁶?

477 2616 617 2688 Hui,
668 2621 924 2688 quantus
975 2617 1081 2673 ille
1128 2618 1406 2689 planetus
1455 2622 1517 2674 et
1564 2634 1735 2688 quam
1783 2622 2047 2675 maestus
2096 2620 2224 2676 est!

376 2732 454 2767 τεο
486 2714 637 2783 Quid
686 2696 959 2786 amplius,
1011 2715 1062 2771 si
1110 2731 1255 2772 vera
1302 2715 1579 2772 adessent
1628 2713 1883 2772 funera?

478 2812 645 2869 Nihil
695 2813 836 2884 soie,
888 2812 950 2868 ni
997 2812 1275 2870 tunderet
1322 2818 1544 2870 terram
1591 2813 1758 2885 pede.

1164 2947 1511 3004 Avarus

480 3053 630 3109 Mihi
676 3069 874 3124 parce,
925 3052 1127 3110 sodes!
1222 3053 1444 3110 Taedio
1493 3053 1661 3111 vobis
1709 3051 1816 3124 fui,

480 3150 593 3208 Sed
640 3152 758 3207 iam
806 3151 1036 3207 recedo,
1131 3151 1220 3207 Tu
1269 3152 1435 3209 vale!

1215 3275 1450 3337 onr.

1434 3382 1517 3439 Vt
1565 3381 1797 3439 faustus
1845 3381 1970 3439 dies

476 3475 591 3538 Hic
640 3481 719 3538 sit
764 3482 910 3537 tibi!
962 3481 1133 3554 Hem,
1185 3481 1323 3552 quid
1370 3498 1463 3537 me
1512 3478 1774 3536 futurum
1826 3484 1915 3536 est
1964 3480 2284 3551 languida!

1131 3604 1174 3662 C
1197 3623 1228 3663 o
1250 3624 1305 3662 m
1328 3606 1347 3661 i
1369 3623 1400 3663 e
1421 3623 1458 3662 u
1480 3622 1525 3662 s,

364 3729 447 3766 ¹735
477 3711 629 3769 Num
680 3713 896 3769 callide
945 3713 1184 3770 delusus
1233 3718 1325 3769 est
1373 3731 1410 3768 a
1456 3711 1723 3769 femina?
