2752 4170
423 221 505 280 78

1120 237 1523 281 ADvocATvs.
1609 224 1655 288 Ι,
1695 227 1744 277 2.

634 397 759 455 Nec
808 397 1119 455 calamitas
1167 414 1276 455 nec
1323 397 1527 470 inopia
1574 413 1697 469 noe,
1747 414 1878 454 mea

635 495 871 569 Vicina,
922 496 1115 552 debet.
1209 495 1341 552 Non
1388 501 1589 552 tamen
1634 500 1771 553 tuus
1819 493 1968 553 facit

632 593 902 665 Aequum
949 593 1216 664 maritus,
1268 594 1366 665 qui
1416 595 1657 666 probam
1702 599 1765 650 te
1813 592 2106 665 neglegit.

1315 735 1643 792 Racilia.

524 858 603 895 135
634 841 839 900 Cuivis
886 841 1067 900 facile
1115 841 1315 914 suerit,
1366 842 1514 913 quod
1564 858 1764 899 omnes
1812 841 2114 915 condecet,

634 938 1023 1012 Cognoscere.
1116 939 1201 997 At
1245 938 1530 1013 perferre,
1581 956 1978 1011 quaecumque
2026 940 2324 998 obtulerit

629 1038 844 1110 Iniqua
889 1054 1034 1112 sors,
1085 1038 1278 1095 animo
1326 1037 1603 1110 patienti,
1654 1035 1854 1095 facere

629 1135 823 1193 Recta
870 1152 939 1193 ac
989 1137 1180 1193 colere
1226 1135 1533 1209 virtutem,
1584 1152 1700 1192 non
1747 1133 1991 1192 laudare
2039 1151 2168 1192 eam

629 1233 745 1290 Hic
792 1234 977 1307 labor,
1025 1233 1124 1291 hic
1172 1250 1316 1306 opus
1365 1239 1475 1291 est.

1346 1365 1630 1433 Clitho.

1505 1473 1692 1531 Recte
1741 1473 1908 1546 dieis,
1960 1473 2061 1531 sed
2110 1472 2342 1548 facere,

524 1586 600 1623 140
631 1570 795 1640 Quae
845 1572 1087 1643 quisque
1135 1572 1342 1645 possit,
1392 1570 1722 1629 voluntatis
1770 1576 1862 1628 est
1909 1573 2096 1628 bonae

627 1668 709 1725 Et
757 1669 971 1727 mentis
1016 1669 1174 1726 haud
1221 1671 1435 1726 malae.

1324 1820 1645 1877 Racilia.

1453 1917 1649 1974 Grave
1699 1923 1790 1974 est
1837 1916 2195 1989 difficileque

623 2015 695 2072 In
742 2019 833 2072 to't
879 2016 1053 2073 malis
1100 2032 1229 2073 esse
1260 2016 1672 2072 innocentem.
1766 2015 2029 2072 Laedere

624 2113 985 2172 Pudicitiam
1034 2115 1199 2187 cogit
1245 2115 1465 2187 inopia,
1517 2115 1785 2171 ambiunt

624 2211 894 2269 Formam
942 2212 1371 2270 adulescentes,
1468 2212 1725 2284 Egestas
1775 2212 2027 2268 omnium

518 2327 593 2362 145
624 2310 735 2367 Est
784 2326 963 2367 causa
1008 2312 1311 2367 malorum.

1338 2434 1612 2491 Clitho.

1368 2533 1554 2590 Doleo
1604 2539 1821 2590 sortem
1866 2538 2048 2589 tuam.

624 2629 809 2687 Simul
857 2647 1082 2703 vereor,
1132 2648 1206 2688 ne
1252 2636 1320 2687 tu
1366 2631 1658 2703 egestatis
1706 2632 1859 2688 malo

621 2726 845 2784 Coacta
891 2727 1120 2786 incidas
1169 2729 1231 2784 in
1278 2729 1450 2786 vitia.

1305 2880 1640 2939 Racilia.

1456 2978 1687 3035 Nimias
1734 2979 1954 3050 pertuli

619 3076 879 3133 Iniurias
928 3076 1063 3132 viri.
1159 3075 1433 3147 Amplius
1481 3093 1637 3133 nunc
1684 3078 1916 3148 perpeti

619 3174 743 3230 Nec
793 3174 972 3231 debeo
1021 3189 1131 3230 nec
1178 3179 1381 3245 potero
1431 3172 1627 3232 fracta
1672 3179 1762 3231 tot
1810 3175 2000 3231 malis.

512 3287 588 3322 150
618 3271 718 3328 Fit
766 3288 1014 3343 namque
1063 3269 1225 3327 furor
1272 3272 1440 3328 laesa
1485 3272 1803 3344 patientia,

620 3369 1047 3440 Molestiaeque
1097 3369 1426 3426 acerbitate
1474 3369 1785 3427 immodica

621 3466 836 3524 Sensus
882 3467 1274 3525 humanitatis
1321 3467 1509 3525 omnis
1558 3467 1804 3539 deperit.

620 3562 812 3632 Quare
860 3564 993 3621 nolo
1043 3570 1292 3636 peccata
1338 3582 1596 3637 purgare
1643 3566 1807 3622 illius

620 3661 749 3717 Meo
800 3660 1016 3718 dolore.
