2752 4170
952 290 1353 334 ADVOCATVS.
1441 278 1518 344 Π,
1559 282 1607 333 2.

869 449 1124 508 AOTVS
1172 450 1250 507 II.
1347 451 1660 512 SCAENA
1711 457 1791 514 11.

460 592 974 665 PhilotipuS‚
1028 592 1371 651 advocatus.
1454 595 1803 670 Stilpho,
1856 614 2079 655 servus.

986 717 1330 791 Racilia,
1384 727 1673 779 matrona.

1084 886 1568 960 Philotipus.

472 1002 768 1073 Quantam
814 1001 961 1060 mihi
1009 1019 1208 1059 curam
1258 1008 1435 1074 atque
1485 1004 1945 1062 sollicitudinem

361 1117 443 1154 210
471 1100 690 1158 Adfert
737 1117 917 1173 amor,
970 1100 1068 1172 qui
1117 1117 1227 1157 nec
1275 1101 1553 1173 sperandi
1602 1101 1706 1158 dat
1752 1102 1984 1160 modum

472 1198 676 1271 Neque
725 1198 1048 1256 extimendi
1096 1199 1279 1255 ullam
1325 1199 1584 1256 remittit
1629 1200 1947 1274 miseriam,

471 1296 676 1354 Donec
724 1295 889 1353 fruar
935 1297 1129 1353 laetus
1179 1296 1436 1353 amicula
1482 1298 1645 1354 mea!

473 1393 620 1467 Vae,
671 1410 850 1452 saeve
899 1410 1080 1465 amor,
1133 1399 1416 1465 quantum
1463 1395 1835 1452 miseriarum
1882 1397 2071 1469 paris!

472 1491 636 1562 Quae
683 1508 799 1549 non
846 1491 972 1549 dies
1019 1491 1483 1549 laboriosissima
1528 1493 1674 1550 mihi
1722 1494 1846 1551 est!

360 1605 442 1642 215
471 1588 660 1659 Quam
707 1590 887 1662 plena
933 1605 1048 1646 nox
1095 1589 1405 1647 molestiae
1453 1590 1647 1647 studio
1696 1592 1870 1648 unius

470 1686 782 1745 Amasiae!
878 1686 990 1744 Sed
1040 1686 1320 1759 colligam
1368 1704 1554 1744 meme
1601 1694 1802 1746 tamen

471 1785 572 1859 Et,
624 1785 775 1857 quod
824 1801 986 1842 amor
1032 1785 1241 1858 exigit,
1293 1784 1481 1842 feram
1530 1785 1870 1844 modestius.

473 1881 536 1940 Si
584 1883 779 1955 potuit
826 1883 1091 1940 Helenae
1140 1883 1359 1939 eximia
1407 1882 1594 1940 forma
1643 1889 1912 1941 evertere

470 1981 709 2038 Duellio
757 1980 1048 2039 horrendo
1097 1985 1187 2037 tot
1234 1981 1533 2037 hominum
1582 1981 1849 2039 cladibus

360 2096 443 2133 220
470 2079 555 2137 Et
602 2085 804 2152 strage
852 2078 1107 2151 Troiam,
1160 2079 1209 2136 si
1257 2084 1468 2152 potens
1517 2079 1620 2137 ille
1668 2079 1957 2137 Hercules

473 2177 710 2235 Ser-vire
759 2178 1003 2252 reginae
1051 2178 1379 2249 Omphalae
1427 2178 1581 2234 haud
1631 2178 1960 2235 detraxerit-

472 2275 555 2332 Et
602 2275 890 2348 Pyramus
938 2274 1189 2331 Thisbes
1239 2293 1495 2332 amorem
1544 2276 1723 2333 caede
1772 2292 1879 2333 sua

472 2373 817 2445 Pertulerit,
868 2391 943 2429 an
990 2388 1106 2429 non
1156 2390 1266 2443 ego
1316 2373 1503 2430 feram
1551 2374 1990 2445 pulcherrimae

470 2470 741 2527 Mulieris
790 2470 1064 2528 amores?

1160 2605 1496 2678 Stilpho.

1114 2722 1303 2779 Adest
1350 2723 1538 2779 istaec
1586 2723 1717 2778 tibi.

1100 2872 1561 2945 Philotipus.

361 3003 442 3040 225
473 2986 672 3045 Salve.
725 3005 756 3043 o
805 3005 936 3045 mea
984 2989 1111 3046 vita
1159 3005 1229 3045 ac
1277 2989 1466 3045 salus!
1563 2989 1819 3061 Racilia,

472 3085 681 3143 Dulcis
729 3086 1006 3158 voluptas
1054 3103 1202 3158 mea.
1255 3086 1392 3157 quid
1443 3086 1684 3158 agitur?
1776 3087 1889 3154 Qui
1936 3088 2103 3143 vales
2124 3088 2151 3142 ‘3

1160 3236 1496 3293 Racilia.

472 3351 572 3408 Ita
618 3357 685 3408 ut
730 3352 854 3408 Deo
904 3352 1093 3409 visum
1143 3360 1252 3425 est,
1304 3369 1415 3408 non
1468 3369 1539 3408 ex
1588 3368 1694 3408 usu
1743 3368 1889 3409 meo.

473 3447 564 3505 Tu
613 3450 711 3521 qui
758 3450 999 3507 vales?·

1094 3600 1561 3672 Philotipus.

1009 3716 1125 3773 Per
1171 3721 1231 3773 te
1279 3717 1450 3773 valeo
1500 3721 1603 3772 aut
1651 3732 1778 3772 sum
1826 3722 2105 3773 mortuus.

1901 3835 1967 3886 6*

2204 276 2288 333 83
