2752 4170
479 241 556 297 10
1274 255 1684 298 VETERATOR.
1753 243 1830 297 H.

1372 415 1689 473 Avarus.

582 540 656 576 135
687 522 837 582 Sunt
881 524 1139 581 reculae.
1234 521 1348 579 Sed
1397 522 1718 593 quantulae

685 619 836 695 Sint,
885 626 1143 694 praesto,
1193 620 1292 677 ubi
1340 619 1525 692 voles,
1575 619 1706 677 tibi.

532 730 655 780 [aab]
689 718 802 777 Sed
851 719 922 777 de
968 717 1130 777 tuis?

1307 843 1359 899 V
1378 860 1409 900 e
1424 849 1452 900 t
1468 860 1500 900 e
1515 861 1546 898 r
1561 859 1597 900 a
1610 848 1638 899 t
1653 861 1685 900 o
1700 860 1749 900 r.

1154 949 1359 1022 Aeque
1409 950 1661 1022 quidem.

685 1049 934 1107 Omnino
982 1048 1156 1106 idem.

1345 1171 1389 1229 C
1409 1189 1440 1229 o
1456 1173 1550 1229 mi
1568 1190 1598 1229 c
1616 1189 1652 1227 u
1670 1188 1715 1229 s.

1164 1278 1335 1351 Hem,
1388 1278 1509 1336 doli
1554 1283 1745 1351 pater.

1310 1402 1748 1461 Veterator.

684 1511 917 1584 OmneS,
967 1512 1132 1569 voles
1180 1511 1231 1568 si
1279 1509 1437 1583 quid,
1486 1515 1646 1567 tuae.

577 1625 655 1663 140
683 1609 772 1666 Tu
818 1609 917 1666 hic
963 1625 1198 1667 recreas
1245 1614 1521 1681 mentem,
1570 1613 1712 1681 puto

1363 1731 1686 1788 Avarus,

682 1841 779 1897 Ita
825 1845 936 1898 est.
1032 1837 1145 1896 Sed
1193 1838 1440 1911 (audisti
1488 1838 1662 1912 satis)

681 1938 814 1997 Non
862 1937 1057 1995 omnia
1103 1953 1175 1994 ex
1223 1936 1526 1994 sententia

685 2036 934 2109 Vbique,
985 2035 1153 2094 nobis
1200 2035 1474 2093 maxime.

1336 2159 1775 2217 Veterator.

683 2264 777 2327 De
824 2268 1113 2326 mercibus
1160 2266 1298 2339 quid
1345 2263 1547 2322 nunc?
1596 2264 1771 2338 Cede,

577 2385 654 2419 145
682 2366 836 2424 Num
884 2365 1242 2423 commodum
1289 2381 1568 2435 magnum
1615 2362 1854 2421 ferunt?

1365 2490 1682 2547 Avarus,

683 2598 807 2656 Nec
855 2598 1006 2654 illud
1053 2598 1254 2655 hercle
1303 2602 1399 2654 sat
1446 2596 1588 2669 sci0,

683 2695 801 2753 Vix
849 2696 1155 2769 paululum
1201 2697 1364 2751 ultra
1411 2695 1720 2767 serpimuS.

1303 2818 1748 2877 Veterator.

683 2928 866 2998 Quam
917 2927 1140 2999 doctus,
1193 2927 1267 2982 ah
1315 2943 1488 2997 quam
1535 2926 1814 2998 providus

682 3026 834 3083 Erat
879 3030 1017 3082 tuus
1065 3023 1355 3096 quondam
1402 3030 1594 3097 pater,

518 3147 527 3156 ·
578 3141 654 3178 150
684 3123 793 3181 Cui
840 3127 1050 3196 parcat
1096 3138 1195 3180 oro
1243 3122 1360 3178 iam
1408 3122 1597 3179 Deus!

1352 3246 1395 3303 C
1415 3264 1446 3304 o
1463 3264 1519 3303 m
1535 3247 1555 3302 i
1573 3263 1604 3304 c
1616 3263 1655 3302 u
1671 3263 1717 3304 s.

684 3355 1006 3413 Exordium
1054 3372 1228 3427 quam
1276 3354 1559 3411 callidum
1579 3354 1591 3410 !

1315 3477 1748 3536 Veterator.

682 3586 935 3644 Ecastor
980 3586 1084 3643 ille
1133 3586 1370 3659 saepius

529 3696 649 3743 [ava]
682 3684 910 3740 Futura
957 3683 1185 3741 abunde
1231 3689 1499 3756 tempora
