2752 4170
435 248 518 304 70
1123 266 1534 310 VETERATOR.
1609 254 1678 322 V,
1719 257 1767 309 2.

647 425 819 482 Statu
866 425 1077 483 virum.
1172 426 1319 483 lllud
1369 426 1664 499 advocati,
1715 426 1774 482 id
1819 426 2050 499 rustici,

645 523 757 592 Qui
804 523 1105 595 simplices
1153 523 1292 581 olim
1338 523 1525 597 fuere,
1576 525 1987 597 comprobant3

648 620 773 678 Nec
819 637 924 679 vos
971 621 1206 693 quidem
1253 622 1564 693 quicquam
1611 638 1781 679 secus
1828 621 1900 679 de
1948 621 2166 680 ceteris

652 718 830 775 Vitae
878 718 1065 776 modis
1113 719 1489 777 existimetis.
1585 719 1717 777 Huc
1763 719 2014 777 redeunt

513 833 616 869 1285
647 817 879 875 OmneS.
973 816 1068 874 Ab
1114 834 1228 875 uno
1279 817 1525 875 crimine
1573 834 1773 875 omnes
1820 817 2068 876 discite!

479 923 596 974 [faa]
648 913 761 973 Sed
808 931 1045 988 quaeso,
1093 932 1233 971 num
1280 916 1493 973 bonum
1541 915 1692 972 illud
1740 921 1834 973 est
1879 916 1951 974 de
1998 915 2245 988 rustico,

644 1013 756 1082 Qui
803 1012 982 1070 istum
1030 1010 1255 1071 fefellit
1302 1013 1582 1071 callidum
1628 1018 1752 1070 tam
1801 1012 2017 1070 callide

544 1167 549 1172 .
644 1110 792 1167 Dolo
841 1109 1046 1182 ipsius.
1141 1109 1325 1179 Quam
1378 1110 1672 1168 commode
1721 1112 2028 1184 iugulatus
2076 1115 2169 1168 est

644 1207 856 1265 Gladio
905 1208 1037 1265 suo!
1092 1206 1350 1265 Stultum
1399 1207 1548 1265 illud
1597 1208 1904 1266 admodum
1951 1213 2092 1281 puto

510 1323 612 1357 1290
641 1305 932 1363 Fraudem
980 1300 1156 1364 alteri
1204 1322 1435 1379 parare,
1486 1323 1600 1378 qua
1645 1305 1885 1363 tandem
1932 1305 2061 1378 ipse
2108 1304 2190 1363 sis

643 1403 961 1477 Deceptus,
1012 1403 1163 1461 Hem
1210 1421 1383 1475 quam
1415 1420 1619 1461 verum
1651 1402 1711 1460 id
1744 1409 1838 1461 est
1869 1419 2155 1476 quamque
2189 1404 2483 1480 elegan8‚

642 1501 925 1558 Divinum
972 1501 1210 1574 opinor:
1254 1496 1416 1559 ‘Non
1463 1507 1557 1560 est
1604 1503 1700 1559 lex
1749 1501 1991 1573 aequior
2034 1501 2162 1557 ulla

645 1598 831 1668 Quam
878 1598 1044 1656 necis
1092 1599 1350 1657 artifices
1399 1598 1607 1657 fraude
1655 1600 1849 1673 perire
1898 1589 2047 1656 sua.³

641 1696 702 1753 Si
751 1698 963 1754 menda
1009 1703 1243 1755 vestras
1294 1696 1498 1755 forsan
1545 1713 1720 1756 aures
1766 1697 2014 1756 laeserit

508 1811 611 1846 1295
641 1795 748 1865 (Et
793 1800 889 1852 sat
933 1801 1075 1868 puto
1123 1795 1372 1853 laesisse
1421 1811 1522 1853 eas
1569 1812 1679 1854 nec
1727 1795 2082 1869 parvulam),

640 1891 892 1950 Vestrae
937 1894 1332 1966 benignitatis
1382 1898 1474 1951 est
1518 1894 1829 1965 ignoscere

639 1990 948 2048 Iuventuti
992 2008 1188 2049 rerum
1234 1992 1564 2064 imperitae,
1617 2008 1726 2062 quo
1774 1990 1967 2062 magis

646 2089 952 2148 Alacriter
998 2090 1218 2148 vostris
1266 2091 1491 2148 servire
1541 2090 1856 2148 commodis

641 2186 902 2245 Posthac
951 2194 1148 2260 queat.
1199 2221 1287 2230 —
1334 2189 1584 2246 Valete!
1635 2188 1794 2245 Laus
1842 2203 2061 2245 summo
2111 2186 2241 2244 deo.

1033 2384 1531 2442 Veteratoris
1579 2383 1852 2442 fabula
1956 2386 1962 2395 '

1136 2483 1324 2539 finit
1371 2478 1746 2542 feliciter.
