2752 4170
428 239 552 299 120
1108 246 1509 300 ADVoCA'rVS.
1586 243 1654 302 V,
1695 247 1751 302 2:
1793 247 1842 297 3.

531 451 608 488 ⁷8⁵
638 435 1090 507 Benignitatem
1136 453 1252 493 non
1301 436 1478 493 nihili
1524 436 1780 509 pendere

636 533 827 591 Huius
874 534 1243 593 voluntatem
1291 534 1572 607 optimam
1623 552 1768 607 erga
1814 552 1938 593 nos.

1200 658 1782 717 TimonachuS.
2145 713 2148 716 ,

1971 765 2201 824 Placet.

639 863 830 937 Euge,
880 881 1125 921 numera
1174 881 1383 922 aureos
1431 865 1630 922 decem
1655 865 1666 920 !

1225 988 1745 1061 Philotipus.

1705 1096 1982 1154 Numero.
2075 1096 2270 1154 Tene!

1203 1219 1778 1279 Timonachus

641 1329 832 1403 Euge,
882 1329 1028 1385 mihi
1074 1330 1275 1400 placet
1322 1328 1609 1386 condicio,
1703 1328 1792 1384 Tu
1839 1346 1994 1386 nunc
2043 1330 2138 1386 abi

639 1427 936 1499 Nobisque
985 1443 1189 1484 cenam
1235 1427 1557 1500 praepara!
1607 1426 1690 1484 Et
1734 1432 1819 1498 tu,
1869 1427 2104 1484 Racilia

535 1543 613 1579 790
644 1526 798 1597 Mea,
850 1525 1003 1582 domi
1052 1524 1148 1582 fac
1196 1541 1287 1581 me
1320 1525 1592 1582 maneas!

1306 1651 1357 1706 R
1381 1668 1417 1707 a
1437 1667 1467 1706 c
1490 1651 1508 1705 i
1532 1650 1551 1705 l
1574 1650 1591 1705 i
1616 1668 1671 1707 a.

1707 1755 1956 1815 Praesto
2006 1756 2159 1814 domi
2194 1774 2314 1826 ero.

1205 1879 1779 1938 Timonachus

644 1988 766 2046 Hos
814 2005 923 2059 ego
972 2003 1234 2045 nummos
1281 1986 1638 2058 abliguriam
1684 1988 1831 2045 mihi
1877 1964 2082 2046 itidem

645 2085 732 2144 Vt
777 2087 950 2144 hodie
998 2085 1168 2144 alios.
1262 2084 1530 2157 Quinque
1578 2087 1959 2161 negotiatori,
2011 2088 2060 2145 si
2108 2089 2252 2145 mihi

646 2185 873 2257 Pergat
918 2185 1199 2242 molestus
1248 2200 1397 2257 esse,
1447 2184 1616 2243 dabo,
1710 2185 1860 2243 Atat
1907 2186 2096 2243 adest.

1022 2379 1276 2438 ACTVS
1325 2380 1400 2437 V.
1495 2380 1808 2438 SCAENA
1855 2372 2009 2438 ΙΠ.Δ

888 2523 1423 2596 Negotiator.
1492 2521 2090 2580 'Timonachus.

1237 2665 1768 2737 Negotiator.

654 2772 771 2830 Cur
816 2789 931 2829 non
979 2772 1040 2829 in
1088 2770 1278 2829 forum
1326 2772 1397 2828 ad
1447 2776 1892 2844 recuperatores
1938 2772 2077 2830 ilico

541 2888 618 2924 τοῦ
647 2855 891 2929 Transis
939 2875 1043 2929 aut
1088 2886 1276 2927 meam
1323 2869 1520 2926 reddis
1567 2867 1920 2942 pecuniam?

1216 2994 1791 3052 Timonachus

651 3104 832 3178 Heus,
883 3121 1054 3175 quam
1102 3102 1413 3175 pecuniam
1460 3102 1572 3158 tibi
1619 3100 1785 3158 reddi
1838 3100 2037 3175 petis?

1256 3227 1310 3285 N
1332 3245 1363 3286 e
1385 3245 1426 3300 g
1446 3245 1478 3285 o
1498 3227 1563 3283 ti
1587 3244 1622 3283 a
1641 3232 1669 3284 t
1688 3244 1719 3283 o
1742 3243 1787 3283 r.

649 3336 970 3394 Pecuniam
1016 3334 1213 3408 redde,
1265 3335 1504 3407 inquam
1528 3334 1540 3389 ἱ

1222 3459 1797 3517 Timonachus

1719 3565 1966 3624 Porcum
2015 3565 2266 3640 redditO,

655 3661 901 3733 Inquam
924 3663 935 3719 !
