2752 4170
438 236 535 294 &50
1234 243 1644 287 VETERATOR.
1715 230 1815 283 IV.

1319 404 1361 461 C
1386 421 1418 461 0
1438 422 1496 460 m
1516 404 1537 459 i
1559 420 1591 459 e
1614 420 1649 458 u
1670 420 1715 459 s,

1092 513 1274 570 Immo
1322 510 1661 583 pessimum.

1266 635 1744 692 Veterator.

666 747 818 817 Quid
864 751 931 803 tu
977 745 1122 802 mihi
1171 743 1338 825 dabis
1354 740 1383 798 P
1432 739 1607 798 Cedo.

1369 867 1417 924 O
1438 884 1475 939 p
1497 867 1517 921 i
1538 866 1559 922 l
1581 866 1600 921 i
1622 883 1674 922 0.

666 979 999 1051 Argentum
1047 993 1157 1048 ego
1205 990 1502 1045 nunquam
1548 972 1659 1028 tibi

667 1078 854 1149 Dabo,
905 1075 1007 1133 sed
1055 1091 1260 1131 aurum
1306 1072 1406 1145 pol
1451 1071 1707 1142 rubrum,

669 1173 898 1232 Corona
943 1173 1105 1244 regis
1151 1172 1209 1227 in
1261 1186 1372 1242 quo
1422 1170 1555 1226 erit.

1277 1293 1746 1351 Veterator.

561 1422 640 1459 915
670 1405 801 1461 Tua
848 1419 989 1475 ergo
1040 1417 1220 1459 causa
1267 1400 1383 1458 erit
1428 1401 1600 1470 bona,

500 1514 626 1566 [dn]
676 1502 740 1560 Si
786 1499 1022 1573 perdita
1066 1503 1226 1556 esset
1270 1499 1420 1554 haec
1468 1496 1613 1553 fere.

670 1599 902 1669 Quanto
950 1597 1142 1669 magis
1190 1612 1370 1652 eausa
1418 1600 1510 1651 est
1555 1595 1727 1665 bona,

671 1697 866 1753 Tanto
915 1695 1078 1753 ocius
1126 1692 1262 1750 faxo
1311 1694 1547 1749 malam.

1340 1814 1707 1873 Comicus.

672 1927 776 1985 Nil
822 1926 1135 1999 leianus‚
1187 1923 1494 1993 Scaevola⁷

565 2042 644 2079 920
674 2024 898 2082 Paulus
933 2028 1190 2097 patrono
1239 2021 1343 2077 isti
1392 2018 1565 2076 feret.

671 2125 868 2195 Leges
915 2120 1066 2179 facit
1112 2121 1271 2177 solus
1320 2135 1505 2176 novas

675 2222 991 2279 Grassator
1035 2218 1235 2276 hercle
1283 2216 1551 2290 perditus

674 2318 996 2376 Tollendus
1043 2321 1104 2374 et
1149 2316 1280 2373 vita
1326 2315 1477 2384 eit03

673 2417 860 2474 Albat
904 2415 1098 2487 nigra,
1147 2414 1289 2472 alba
1336 2412 1632 2484 denigrat.

1310 2536 1743 2593 Veterator.

568 2665 646 2701 925
676 2645 839 2716 Quod
888 2651 980 2703 est
1024 2645 1136 2701 tibi
1184 2642 1440 2700 nomen?

1392 2758 1663 2830 Opilio.

1508 2862 1740 2920 Mihin?

1312 2988 1745 3045 Veterator.

675 3100 792 3157 Ita.

1403 3219 1449 3277 Ο
1466 3220 1663 3292 pilio.

812 3330 982 3403 Hem,
1031 3326 1406 3385 Theobaldus
1453 3327 1596 3382 mihi

679 3427 1013 3500 Agniculus
1059 3442 1269 3483 nomen
1316 3422 1452 3481 fuit.

1350 3548 1392 3605 C
1411 3566 1443 3606 o
1461 3566 1517 3605 m
1534 3549 1556 3604 i
1573 3564 1604 3605 o
1620 3566 1657 3604 u
1674 3566 1720 3606 s,

682 3658 890 3714 Nonne
939 3663 1029 3714 est
1077 3656 1267 3712 adhuc
1280 3654 1307 3710 t>
1354 3656 1632 3728 Agrestis
1680 3661 1789 3713 est.
