2752 4170
305 1000 436 1048 twa]
482 978 970 1047 veteratoris
999 976 1319 1059 fabulae
1351 977 1438 1045 in
1469 977 1807 1046 latinum
1841 977 2301 1048 translatae.

966 1143 1221 1203 AOTVS
1268 1145 1317 1204 I.
1414 1144 1726 1202 SCAENA
1773 1145 1823 1203 I.

712 1305 1104 1363 Veterator
1150 1305 1561 1363 advocatus
1659 1304 1848 1362 onr
1895 1307 2067 1364 eius,

1009 1445 1436 1504 Veterator
1481 1447 1760 1519 loquitur.

481 1554 581 1614 Sic
627 1573 719 1613 me
768 1556 973 1612 iuvare
1021 1555 1139 1611 iam
1186 1554 1336 1612 velit
1382 1553 1543 1612 Iovis
1590 1571 1769 1628 soror,

480 1653 721 1725 Quoquo
770 1654 971 1711 labore
1020 1651 1320 1725 defatiger
1365 1653 1663 1725 improbus

481 1751 778 1809 Faciendo
827 1751 926 1808 vel
969 1750 1266 1823 fingendo,
1317 1751 1649 1822 quaerendo
1698 1768 1942 1823 quoque,

480 1847 761 1907 Profecto
810 1864 1177 1921 congregare
1225 1864 1341 1904 non
1390 1847 1619 1919 quimus
1665 1848 1803 1906 boni

427 1945 825 2020 5Quicquam‚
875 1946 978 2003 sed
1025 1945 1213 2003 omnis
1261 1949 1465 2002 nostra
1509 1962 1604 2002 res
1652 1946 1927 2003 elabitur.

479 2043 595 2103 Pr0
644 2048 867 2117 quanta
914 2044 1129 2102 dudum
1176 2041 1334 2101 fama
1383 2043 1551 2101 nobis
1599 2043 1659 2100 in
1709 2041 1862 2101 foro!

481 2141 631 2213 Quid
680 2143 932 2201 verterit
979 2141 1220 2199 fortuna
1266 2158 1398 2201 sese
1444 2147 1568 2198 tam
1616 2142 1754 2214 cito,

483 2240 700 2298 Videre
749 2259 865 2298 non
912 2257 1146 2313 possum
1195 2240 1362 2311 satie,
1414 2240 1530 2297 nisi
1579 2239 1717 2297 deos

479 2339 665 2396 Nobis
712 2339 984 2396 sinistros
1032 2338 1161 2410 quis
1209 2336 1394 2395 fuisse
1443 2338 1679 2394 dixerit.

1278 2461 1496 2519 onr.

400 2583 452 2621 ιο
480 2569 587 2626 Pol
636 2569 805 2627 venit
852 2569 1005 2626 istuc
1053 2585 1240 2641 nuper
1284 2568 1346 2624 in
1395 2573 1650 2625 mentem
1699 2568 1862 2642 mihi,

301 2676 433 2728 [asb]
479 2667 643 2736 Quod
691 2683 783 2723 me
834 2666 1033 2738 coegit
1080 2666 1344 2738 (paulum
1395 2667 1587 2739 abest)
1637 2665 1711 2722 ad
1759 2667 2053 2724 lacrimas.

476 2765 575 2821 Ah
622 2781 795 2837 quam
842 2766 1150 2836 probatum
1198 2770 1257 2820 te
1307 2770 1621 2836 patronum
1671 2763 1950 2821 viderim!

477 2862 781 2935 Nusquam
830 2878 1017 2934 sagax
1065 2867 1131 2918 ut
1178 2861 1317 2918 olim
1366 2861 1606 2919 haberis
1655 2862 1846 2919 hodie.

1160 2985 1601 3044 Veterator.

475 3093 545 3150 Id
594 3093 828 3151 scilicet
876 3093 1139 3150 Fortuna
1186 3093 1421 3150 mobilis
1469 3092 1638 3165 facit,

395 3207 448 3243 15
477 3189 640 3261 Quae
688 3190 885 3250 fundit
933 3191 993 3247 in
1041 3208 1132 3247 me
1181 3207 1418 3248 amarae
1467 3207 1650 3263 aquas
1697 3190 1951 3248 fideliae.

1279 3314 1497 3376 onr.

476 3419 669 3491 Quid?
762 3420 824 3478 Si
873 3438 1090 3479 memor
1137 3428 1297 3479 recte
1347 3423 1510 3494 siem,
1561 3422 1783 3479 vidisse
1831 3438 1921 3478 me
1963 3467 1968 3472 .

477 3518 652 3576 Certo
703 3520 849 3592 scio,
901 3520 1050 3590 quod
1100 3520 1451 3577 advocatum
1499 3525 1559 3576 te
1608 3519 1720 3576 sibi

473 3616 683 3686 Quivis
731 3619 1083 3689 peroptabat
1132 3618 1337 3690 clienS‚
1390 3618 1441 3675 si
1490 3617 1620 3689 quis
1669 3618 1834 3673 modo

473 3715 543 3772 In
594 3716 701 3772 lite
751 3722 1019 3787 speraret
1066 3714 1289 3774 forensi
1338 3717 1598 3788 vincere,
