2752 4170
912 253 1318 296 VE'rmtAToR.
1392 243 1501 303 ΙΠ,
1542 248 1591 294 2.

1100 412 1497 472 Comicus,

679 517 940 588 Quidni?
986 519 1056 576 In
1103 520 1215 577 hac
1265 520 1498 591 quidem
1546 524 1672 579 sola
1720 523 1935 579 artium

440 615 511 672 Id
560 617 780 690 evenit,
830 618 981 689 quod
1028 618 1329 691 profitenti
1380 620 1625 677 cuilibet

331 738 413 774 530
444 722 738 780 Medicum
785 741 847 781 se
896 724 949 782 ei
997 726 1095 798 pol
1145 726 1408 782 creditur
1454 727 1676 799 statim,
1729 727 1872 784 licet

442 821 751 879 Mendacio
799 823 860 878 in
908 824 1071 880 nullo
1121 823 1236 880 siet
1281 825 1609 896 periculum

441 919 654 976 Maius,

1125 1047 1469 1103 Avarus.

761 1151 879 1209 Mei
928 1158 1260 1224 argentum,
1311 1153 1422 1209 tibi
1473 1171 1642 1224 quem
1691 1154 1932 1226 credidi,

441 1246 651 1321 Panni7
703 1250 990 1321 magister
1036 1249 1233 1323 Petre,
1285 1256 1518 1324 oportet
1564 1257 1625 1308 te
1676 1252 1834 1309 dare.

1049 1392 1530 1451 Veterator.

438 1496 537 1554 Ha
582 1499 663 1554 mi
710 1500 1017 1571 magister,
1068 1501 1221 1573 hem,
1269 1498 1585 1575 Iohannes,
1636 1502 1702 1557 in'
1748 1519 1876 1558 mea

284 1608 411 1655 [0³⁸]
444 1594 771 1667 Egestione
820 1597 1076 1655 frustula
1123 1599 1292 1655 emisi
1341 1599 1517 1671 nigra

438 1692 678 1751 Merdae
727 1695 838 1751 duo
886 1697 1020 1768 plus
1068 1696 1215 1752 dura
1261 1702 1424 1753 certe
1473 1714 1644 1768 quam
1692 1698 1864 1770 silex,

439 1790 717 1848 Rotunda
762 1794 851 1849 uti
897 1794 1057 1866 pilae
1106 1794 1255 1850 duae
1302 1795 1580 1851 lusoriae.

437 1888 715 1947 Aliumne
764 1891 1080 1963 clysterem
1128 1892 1294 1949 iubes
1341 1909 1432 1949 me
1481 1892 1756 1949 sumere?

1124 2035 1467 2094 Avarus,

437 2139 518 2195 Et
565 2140 701 2212 quid
749 2142 890 2214 scio,
940 2143 1076 2215 quid
1125 2143 1185 2199 id
1232 2143 1394 2200 mea!
1445 2143 1703 2199 Francos
1751 2160 1961 2200 novem

323 2255 406 2290 540
438 2237 671 2295 Habere
718 2239 835 2297 iam
884 2258 974 2297 me
1023 2249 1257 2313 oportet
1302 2249 1510 2297 octove
1560 2257 1786 2297 aureos,

1048 2384 1525 2441 Veterator.

436 2489 550 2547 Sed
598 2508 706 2563 quo
753 2508 933 2549 vocas
979 2497 1044 2548 tu
1093 2492 1326 2549 nomine
1373 2492 1511 2549 illos
1559 2498 1680 2548 tres
1729 2491 1930 2562 nigros

438 2587 654 2645 Globos
703 2606 950 2662 amaros⁷
1001 2606 1143 2661 quos
1193 2588 1461 2647 comedi?
1509 2588 1744 2645 Pilulae

437 2684 630 2742 Sunt?
677 2686 820 2757 Quis
871 2688 1060 2745 cibus!
1111 2686 1389 2744 Profecto
1438 2679 1808 2743 mandibulas
1857 2687 2000 2742 mihi

435 2782 694 2856 Fregere
741 2802 996 2857 prorsus.
1093 2784 1365 2857 ObsecrO,
1417 2802 1489 2841 ne
1540 2785 1707 2841 edam
1758 2785 2029 2856 amplius.

324 2897 404 2933 645
435 2880 742 2956 Quicquid,
793 2881 1081 2956 magister
1126 2884 1205 2939 mi
1252 2884 1567 2940 Iohannes
1620 2899 1859 2954 corpore

433 2978 583 3036 Erat
628 2998 774 3054 me0‚
825 2981 1052 3038 eiecere
1100 2981 1333 3038 turbide
1381 2979 1540 3037 foras

1117 3124 1458 3181 Avarus,

436 3228 667 3288 Vellem
714 3231 861 3304 ipse,
911 3237 1144 3289 tantum
1192 3232 1353 3288 exire
1402 3231 1705 3300 fecissent,
1757 3229 1899 3285 mihi

436 3326 518 3384 Vt
562 3329 978 3402 reddidissent,
1030 3347 1174 3402 quas
1221 3335 1378 3402 pem,
1430 3329 1612 3385 libras
1661 3344 1888 3383 novem.

1170 3472 1403 3529 onn

432 3576 516 3633 Vt
563 3578 873 3637 destruant
918 3579 1024 3636 hos
1074 3580 1132 3635 di
1182 3579 1437 3651 supremi
1486 3583 1548 3634 et
1595 3576 1797 3646 infimi,

320 3692 398 3727 550
430 3674 544 3744 Qui
592 3677 933 3749 obtundere,
984 3683 1050 3734 ut
1096 3683 1180 3748 tu,
1232 3677 1510 3734 desinunt
1557 3676 1885 3746 nunquam!
1938 3676 2114 3732 Ocius

2175 240 2254 298 31
