2752 4170
980 269 1386 313 ADVOCATVS.
1470 257 1515 324 Ι,
1556 260 1605 310 2.

491 428 747 489 Tantum
795 431 966 490 nefas
1014 437 1081 489 ut
1128 430 1397 489 faceret?
1464 430 1552 487 An
1606 432 1799 488 nescit
1847 431 1986 489 deos

385 543 463 579 110
492 527 552 586 Is
600 529 910 587 criminum
955 530 1179 587 ultores
1227 527 1397 587 fore?

1177 654 1508 711 Racilia.

1452 751 1578 809 Hoc
1625 757 1692 808 tu
1739 751 1967 810 diceres

492 847 707 923 Magis,
758 867 946 908 meam
995 851 1044 907 si
1092 856 1158 908 tu
1205 850 1620 922 integritatem
1668 850 1844 923 sciaS,

489 944 571 1003 Et
616 964 731 1018 qua
774 947 889 1005 fide
935 947 1105 1005 illum
1152 965 1341 1020 quove
1391 947 1584 1005 studio
1633 949 1985 1021 exceperim.

491 1041 652 1111 Quae
702 1060 1232 1118 commemorarem,
1282 1046 1401 1103 nisi
1448 1046 1823 1118 exprobratio

489 1140 743 1199 Pararet
788 1142 1001 1200 odium.
1470 1179 1476 1184 -

1201 1257 1416 1315 Clith
1433 1275 1483 1315 0.

1023 1355 1194 1429 Hem,
1244 1355 1382 1427 quid
1433 1355 1605 1413 audio
1653 1357 1911 1414 novum?

1174 1480 1507 1538 Racilia.

381 1600 459 1636 115
488 1585 660 1643 Fecit
705 1585 853 1659 fuga
898 1587 1071 1660 parvi
1119 1587 1359 1660 laboris,
1412 1603 1640 1656 cense0‚

490 1682 661 1740 Fecit
708 1684 822 1741 mei
870 1683 1207 1758 formaeque
1256 1690 1616 1758 contemptu,
1668 1687 1850 1743 etiam

490 1781 679 1854 Fecit,
728 1782 898 1855 quod,
948 1783 1175 1855 opinor,
1226 1783 1306 1840 sit
1351 1784 1712 1840 matrimonii

490 1878 827 1938 Pertaesus.

1206 1968 1247 2026 C
1262 1970 1280 2025 1
1298 1970 1318 2025 i
1334 1977 1360 2026 t
1376 1970 1414 2025 11
1432 1987 1483 2026 0.

841 2065 1015 2124 Haud
1063 2068 1254 2126 credo.
1349 2066 1503 2137 Quin
1551 2069 1723 2126 immo
1774 2069 1860 2126 sic
1907 2074 2047 2142 puto

490 2163 737 2227 Factum
785 2164 1113 2237 cupiditate
1161 2166 1287 2239 otii,
1339 2167 1490 2238 quod
1539 2167 1790 2239 amplius

378 2278 460 2315 120
492 2261 603 2319 His
651 2263 954 2321 monachis
1003 2264 1350 2336 contingere
1399 2264 1592 2322 audio.

1164 2388 1510 2447 Racilia.

1629 2486 1868 2544 Interea

492 2581 696 2639 Vitam
743 2585 1018 2641 miseram
1067 2601 1179 2656 ago
1227 2585 1464 2656 plenam
1514 2585 1810 2642 doloribus

489 2680 572 2737 Et
619 2682 873 2738 omnium
922 2681 1194 2739 ludibriis
1243 2683 1590 2756 expositam,

490 2778 615 2835 Nec
662 2795 895 2852 possum
943 2780 1145 2853 inopia
1191 2786 1367 2852 atque
1416 2782 1807 2853 neglegentia

489 2876 755 2949 Impulsa
802 2895 931 2935 cum
978 2879 1143 2935 vitae
1191 2880 1379 2936 bonae
1427 2880 1770 2937 innocentia

375 2991 461 3028 125
491 2973 733 3031 Victum
781 2976 1034 3048 amplius
1083 2978 1427 3051 conquirere
1476 2995 1703 3050 agoque
1753 2978 1909 3034 viam

489 3071 604 3128 Pro
652 3073 877 3132 viribus
924 3091 1033 3131 nec
1079 3091 1391 3147 promoveo
1438 3077 1742 3148 paululum

493 3169 800 3245 Quiddam,
852 3171 997 3229 adeo
1046 3177 1112 3229 ut
1159 3173 1351 3230 minus
1399 3173 1592 3230 videri
1640 3178 1910 3245 oporteat

491 3268 704 3325 Mirum
754 3274 858 3326 aut
905 3287 1138 3343 novum,
1190 3270 1239 3327 si
1288 3271 1541 3329 stolidae
1589 3288 1693 3327 nos
1743 3271 2017 3328 mulieres

490 3366 719 3423 Iniuria
767 3367 1056 3425 adductae
1104 3368 1166 3423 in
1215 3368 1367 3425 vitia
1416 3370 1781 3426 collabimur.

1203 3489 1484 3551 Olitho.

376 3614 462 3650 130
494 3597 673 3655 Vitae
722 3599 1065 3656 innocentia
1112 3616 1241 3657 esse
1291 3618 1423 3657 cum
1471 3601 1676 3673 primis
1726 3602 1876 3658 solet

494 3694 840 3754 Clarissima
886 3698 1071 3755 nobis.
1167 3699 1260 3754 Ab
1310 3715 1381 3755 ea
1427 3700 1651 3771 pellere

2223 255 2304 313 77
