2752 4170
1081 268 1148 310 H.
1178 267 1457 311 Veterator.
2132 255 2243 307 XV

320 420 605 482 expertus;
663 416 779 468 sine
836 432 939 484 ope
995 422 1090 468 tua
1125 414 1305 468 fateor
1343 415 1597 482 equidem
1637 433 1746 467 non
1802 416 1907 467 nisi
1964 433 2101 467 unus
2140 409 2150 483 Ι
2188 434 2254 467 ex

320 486 510 539 multis
547 485 742 540 forem.
819 484 1001 553 Quare
1039 505 1259 541 omnem
1296 504 1450 539 meae
1498 486 1848 549 condicioniS‚
1908 487 1952 539 si
2009 505 2117 554 qua
2153 493 2251 551 est,

322 575 633 610 successum
673 558 767 610 uni
806 558 925 624 tibi,
965 558 1304 611 observande
1331 558 1408 610 mi
1437 558 1719 624 avuncule,
1759 563 2045 626 acceptum
2071 556 2251 610 refero

324 634 381 681 et
416 646 506 681 me
543 629 724 698 ipsum
762 634 956 695 totum,
996 646 1177 681 meam
1216 646 1458 697 operam,
1497 646 1622 682 mea
1657 628 1892 695 denique
1931 630 2115 681 omnia
2151 629 2255 681 tibi

324 706 380 752 et
419 700 561 752 (ledo
601 705 656 753 et
694 701 996 768 emancipO.
1038 699 1178 753 Vale
1216 708 1270 753 et
1308 706 1568 768 nepotem
1595 706 1767 766 tuum,
1807 705 1865 752 ut
1911 698 2061 765 facis,
2102 700 2258 752 ama!

472 859 529 920 2)
566 859 709 913 Das
745 860 1080 929 Privileg
1117 857 1236 927 (aus
1275 859 1364 925 B).

326 961 467 1011 [Feb]
514 946 943 1013 Ludovicus,'
961 948 1071 1004 Dei
1096 950 1278 1018 gratia
1301 949 1643 1003 Francorum
1671 967 1780 1013 rex,
1807 948 2073 1002 universis
2097 965 2258 1016 prae-

325 1026 512 1073 sentes
549 1021 760 1073 litteras
795 1020 1126 1089 inspecturis
1163 1022 1414 1074 salutem.
1658 1043 1665 1051 ·

470 1091 680 1144 Notum
717 1090 965 1156 facimu8‚
1006 1092 1149 1159 quod
1191 1092 1308 1145 visa
1345 1098 1601 1159 requesta
1654 1092 1702 1145 ei
1752 1110 1852 1159 per
1890 1090 2254 1145 Guillermum

324 1162 375 1215 E
396 1181 432 1215 u
454 1180 478 1215 8
498 1168 574 1215 16
594 1180 623 1216 6
646 1180 675 1216 6
697 1203 709 1227 ,
787 1164 1161 1217 universitatis
1236 1163 1561 1217 Parisiensis
1637 1163 1921 1216 librarium
1994 1162 2256 1227 iuratum,

325 1234 546 1297 tradita,
621 1252 722 1302 per
796 1252 960 1301 quam
1035 1241 1090 1287 61
1152 1236 1222 1287 ob
1286 1252 1477 1288 causas
1540 1235 1596 1287 in
1661 1252 1724 1288 ea
1787 1239 2074 1287 contentas
2135 1234 2256 1301 ipse

326 1305 644 1372 requirebat
698 1305 937 1360 inhiberi
995 1307 1190 1359 ceteris
1248 1306 1529 1373 omnibus,
1592 1323 1662 1359 ne
1723 1306 2103 1373 imprimerent
2156 1322 2251 1357 seu

326 1377 647 1444 imprimere
685 1376 935 1431 facerent
973 1378 1316 1431 comoediam
1353 1394 1572 1440 novam,
1623 1394 1760 1444 quae
1811 1377 1915 1430 Ve
1938 1380 2253 1430 terator

328 1448 660 1511 inscribitur,
701 1449 834 1501 alias
870 1448 1170 1512 Patelinus,
1212 1467 1277 1501 ex
1314 1449 1579 1517 peculiari
1617 1449 1807 1517 lingua
1843 1449 1901 1500 in
1939 1447 2252 1502 Romanum

326 1519 583 1572 traducta
619 1520 911 1586 eloquium,
952 1538 1050 1588 per
1088 1537 1145 1572 se
1182 1537 1359 1588 nuper
1384 1521 1706 1587 impressam
1745 1520 1845 1572 sub
1872 1519 2079 1587 poenis,
2120 1536 2260 1586 quas¹

329 1590 522 1644 eadem
579 1596 767 1643 nostra
823 1592 974 1644 curia
1028 1593 1191 1645 vellet
1245 1590 1529 1657 ordinare3
1587 1591 1717 1643 visis
1769 1591 1935 1644 etiam
1974 1591 2251 1643 nonnullis

329 1663 552 1715 arrestis
591 1667 646 1715 61
683 1662 1121 1715 ordinationibus
1163 1680 1263 1731 per
1299 1664 1476 1730 ipsam
1515 1663 1722 1715 curiam
1760 1669 2004 1715 nostram
2039 1663 2097 1714 in
2133 1662 2255 1729 pari

329 1750 458 1786 casu
498 1733 640 1786 datis
669 1740 734 1787 et
760 1734 1117 1787 consideratis
1145 1734 1572 1797 considerandi3‚
1613 1733 1864 1801 praefata
1890 1734 2040 1786 curia
2065 1738 2255 1785 nostra

329 1805 683 1857 inhibitiones
758 1812 813 1857 et
887 1804 1232 1859 defensiones
1306 1805 1425 1858 fieri
1498 1806 1752 1858 omnibus
1837 1805 2255 1873 impressoribus

328 1876 674 1943 librariisque
746 1882 801 1929 et
863 1877 983 1929 aliis
1045 1878 1505 1944 quibuscumque,
1582 1895 1649 1929 ne
1712 1882 1960 1943 tempore
2022 1875 2254 1928 duorum

330 1964 600 2000 annorum
661 1948 908 2016 proxime
970 1954 1327 2001 venturorum
1365 1948 1710 2015 praedictam
1750 1947 2089 2000 comoediam
2152 1948 2251 1998 im-

330 2020 575 2088 primant
614 2036 706 2071 seu
757 2020 1071 2088 imprimere
1128 2020 1336 2072 faciant
1392 2036 1492 2072 nec
1532 2019 1695 2071 aliam
1763 2036 1926 2087 quam
1982 2035 2121 2085 quae
2158 2036 2257 2085 per

330 2108 431 2160 per
458 2092 829 2158 supradictum
858 2091 1220 2146 Guillermum
1245 2091 1483 2144 Eustace
1523 2090 1690 2144 fuerit
1725 2091 1989 2158 impressa
2013 2090 2257 2143 vendant

331 2162 432 2215 sub
472 2179 649 2230 poena
686 2162 1087 2218 confiscationis
1124 2164 1390 2215 librorum
1428 2167 1590 2243 atque
1629 2162 1890 2215 emendae
1937 2162 2266 2215 arbitrariae

333 2234 610 2286 ordinavit
673 2243 727 2288 et
788 2235 1022 2288 ordinat.
1117 2233 1390 2302 Quocirca
1449 2234 1629 2301 primo
1691 2234 2019 2301 parlamenti
2082 2233 2256 2286 nostri

333 2305 557 2357 ostiario
583 2307 669 2358 vel
697 2306 955 2362 servienti
982 2313 1169 2359 nostro
1198 2323 1361 2374 super
1387 2306 1490 2358 hoc
1516 2304 1845 2371 requirendo
1873 2305 1942 2357 ad
1968 2304 2257 2357 memorati

336 2375 626 2430 Guillermi
650 2376 888 2431 Eustace
914 2383 1224 2445 requestam
1252 2381 1444 2429 tenore
1468 2377 1840 2444 praesentium
1863 2376 2259 2429 committimus

335 2456 390 2500 et
447 2448 785 2513 mandamus,
845 2454 1114 2516 quatenus
1170 2448 1268 2500 has
1330 2452 1648 2515 praesentes
1707 2447 2002 2500 secundum
2071 2464 2257 2499 earum

338 2518 573 2571 formam
624 2526 679 2573 et
716 2527 965 2574 tenorem
1004 2520 1339 2573 exsecutioni
1379 2519 1598 2571 debitae
1637 2518 1949 2572 demandet.
2012 2519 2101 2571 Ab
2141 2536 2255 2572 om-

336 2591 497 2642 nibus
547 2596 730 2644 autem
799 2591 1101 2645 iustitiariis
1152 2595 1208 2644 et
1268 2590 1501 2643 subditis
1551 2590 1752 2643 nostris
1803 2590 1981 2644 eidem
2032 2590 2268 2642 08116110

337 2663 422 2714 vel
463 2663 720 2716 servienti
757 2680 950 2731 parere
988 2663 1237 2715 volumus
1276 2666 1331 2714 et
1368 2662 1634 2714 iubemus.

482 2732 692 2787 Datum
730 2734 970 2787 Parisius
1026 2734 1084 2786 in
1138 2733 1483 2801 parlamento
1538 2739 1728 2786 nostro
1786 2738 1936 2785 sexta
1976 2733 2081 2784 die
2121 2729 2260 2798 Sep·

339 2805 566 2857 tembris
623 2823 766 2859 anno
824 2805 1033 2858 domini
1087 2804 1376 2857 millesimo
1435 2805 1873 2873 quingentesimo
1932 2803 2266 2856 duodecimo⁰

341 2883 395 2928 et
432 2876 608 2929 nostri
644 2878 802 2945 regni
841 2877 1054 2930 decimo
1094 2876 1300 2943 quinte.

934 2947 1092 3000 Ainsi
1132 2948 1286 3014 signe
1325 2945 1392 2999 A.
1433 2946 1663 3001 Robert.

485 3122 542 3190 3)
579 3125 783 3179 Zwei
822 3124 1383 3192 Lobgedichte
1422 3121 1542 3190 (aus
1582 3123 1665 3188 C).

345 3226 484 3276 [Alb]
784 3212 897 3266 Ad
933 3212 1362 3267 D.Petrum
1403 3213 1822 3266 Colsonum

956 3284 1029 3337 Η.
1071 3283 1651 3337 811886111166118.

451 3354 584 3408 Τ1118
621 3355 828 3410 referre
865 3357 1099 3425 gratiam
1139 3357 1348 3409 meritis
1386 3371 1590 3423 parem,

667 3428 914 3490 Colsone,
953 3428 1045 3480 vix
1082 3426 1276 3480 Musae
1316 3431 1534 3494 queant.

452 3497 578 3551 Non
615 3499 733 3567 ipse
770 3504 1019 3552 veterum
1058 3499 1262 3566 scripta
1299 3499 1504 3566 pateris
1545 3498 1756 3565 optima

667 3569 955 3623 Oblivione
994 3571 1218 3633 conteri,

373 3661 397 3694 5
455 3639 577 3708 Qua
613 3659 724 3694 non
765 3640 1068 3709 Charybdis
1106 3642 1217 3693 ulla
1255 3641 1324 3693 sit
1361 3640 1625 3702 voracior,

599 3710 605 3717 ’
669 3713 822 3780 Quae
859 3713 1069 3765 litteras
1108 3713 1414 3765 absorbeat.
