2752 4170
477 274 564 334 40
1152 290 1561 334 VETERATOR.
1632 277 1743 341 III,
1782 281 1833 331 3.

690 448 914 508 Saltem
961 451 1106 508 mihi
1154 450 1281 524 ipse
1328 450 1597 524 pignoris
1646 451 1955 523 quiequam
2005 450 2171 508 daret

687 548 819 605 Nisi
867 565 1057 605 meum
1107 553 1440 621 argentum,
1492 549 1609 605 cito
1657 549 1796 606 hine
1842 549 2196 607 recederem.

1415 672 1648 730 onn

580 797 657 833 τοο
687 780 962 838 Miseram
1011 781 1131 838 me!
1224 779 1588 838 Inhumanus
1649 778 1924 852 ferusque
1980 797 2062 838 es.
2157 780 2310 850 Quid
2369 783 2487 839 tibi

688 877 839 935 Vis?
930 878 1149 936 Hercle
1196 879 1375 935 miror
1422 894 1550 935 esse
1597 884 1659 936 te
1709 878 2070 936 obstinatum
2119 878 2222 935 ita.

1297 1001 1779 1060 Veterator.

683 1109 812 1166 Hee
859 1126 968 1181 par
1013 1109 1173 1166 saint
1221 1108 1435 1182 Gigon,
1485 1115 1551 1166 tu
1599 1115 1660 1166 te
1707 1125 1890 1166 mens,

686 1205 886 1263 Vualx
932 1213 994 1264 te
1042 1207 1173 1277 deu‚
1225 1207 1442 1264 eouille
1490 1207 1561 1264 de
1609 1207 1914 1279 Lorraine‚

686 1304 840 1361 Dieu
886 1309 948 1361 te
996 1309 1180 1362 mette
1230 1321 1303 1361 en
1350 1306 1487 1361 bote
1536 1305 1869 1377 sepmaine!

576 1418 653 1455 705
682 1401 771 1458 Tu
819 1419 894 1459 ne
940 1403 1121 1460 vaulx
1169 1403 1283 1460 mie
1331 1420 1456 1475 ung
1502 1403 1634 1459 viez
1683 1408 1807 1459 nat.

1340 1508 1384 1566 C
1407 1526 1438 1566 o
1460 1527 1516 1566 m
1537 1509 1559 1565 i
1580 1527 1610 1566 c
1638 1526 1676 1566 u
1699 1526 1746 1567 s.

683 1615 882 1673 Istaec
930 1633 1057 1673 meo
1105 1634 1220 1673 non
1269 1621 1363 1674 est
1410 1617 1472 1673 in
1519 1633 1628 1673 usu
1676 1617 1905 1688 lingua.

1416 1740 1655 1798 onn

2003 1829 2173 1886 Eheu

683 1928 978 1986 Summum
1025 1928 1227 1985 Iovem
1274 1945 1393 2000 ore,
1443 1934 1504 1985 te
1552 1929 1737 1986 iuvet.
1831 1927 1959 1984 Iam
2005 1945 2160 1984 nune
2209 1929 2360 1985 abit.

1338 2034 1382 2092 C
1411 2053 1442 2094 o
1464 2053 1519 2094 m
1541 2035 1562 2092 i
1584 2053 1614 2094 c
1635 2052 1673 2093 u
1694 2052 1741 2094 s.

682 2142 744 2200 Si
791 2161 908 2201 non
956 2144 1137 2216 abire,
1189 2161 1261 2201 ex
1309 2161 1421 2214 quo
1468 2144 1631 2215 prius
1680 2143 1885 2200 dixisti
1935 2144 2078 2214 abit,

682 2240 1006 2314 Cessasset⁷
1059 2243 1109 2299 is
1159 2243 1275 2298 iam
1323 2241 1572 2299 abiisset
1618 2242 1818 2299 hercle
1866 2241 2122 2313 longius.

523 2377 647 2427 [osb]
1360 2367 1706 2437 AvarUS,

572 2490 649 2526 '710
679 2473 776 2529 Ita
824 2477 1032 2530 saneta
1079 2478 1285 2545 mater,
1337 2473 1527 2529 maius
1574 2489 1830 2543 unquam
1877 2471 2161 2528 somnium

680 2570 812 2628 Non
860 2569 1004 2641 vidi,
1054 2570 1249 2627 ubivis
1298 2586 1488 2627 essem
1538 2587 1678 2641 eg03
1731 2586 1841 2626 nec
1891 2568 2114 2626 credidi

679 2668 970 2739 anuam‚
1021 2667 1192 2724 hodie
1242 2668 1382 2739 quin
1432 2666 1722 2725 adfuisset
1769 2667 2067 2724 nundinis.

1421 2790 1651 2848 onn

678 2882 807 2938 Non
858 2881 1163 2938 credidisti
1180 2880 1208 2937 ἱ)

1358 2970 1707 3027 Avarus

1185 3077 1317 3134 Non
1364 3075 1650 3150 profecto,
1745 3076 1916 3133 Nunc
1964 3081 2165 3132 tamen

679 3175 1052 3233 Contrarium
1100 3177 1278 3232 sensi.

1336 3281 1378 3338 C
1408 3299 1439 3339 0
1460 3282 1556 3338 mi
1581 3299 1611 3338 e
1633 3299 1669 3338 u
1690 3299 1737 3339 s.

1194 3389 1343 3446 Hem
1393 3390 1511 3445 iam
1559 3390 1757 3463 habet,
1805 3388 2000 3445 vietus
2049 3393 2158 3444 est.

1295 3512 1768 3571 Veteraton

571 3636 647 3671 715
677 3620 796 3677 Hui
844 3638 943 3677 roz
992 3621 1175 3677 bezou
1224 3620 1402 3677 droue
1450 3636 1560 3676 noz
1608 3620 1798 3676 badou

676 3718 905 3788 Digant
952 3734 1026 3774 au
1076 3734 1185 3773 ean
1234 3735 1307 3774 en
1340 3720 1466 3775 hoz
1515 3718 1725 3774 madou
