2752 4170
970 256 1376 300 ADvocATVS.
1460 242 1537 307 H,
1581 245 1628 295 1.
2224 238 2305 298 81

496 416 878 490 Beneficium,
928 418 1039 475 hoe
1086 417 1185 488 qui
1234 416 1510 488 agnoseit
1556 416 1750 473 animo
1800 415 2068 472 candido.

500 513 612 572 Sed
660 515 798 588 seis,
848 514 986 587 quid
1034 513 1275 587 optem?

1179 646 1217 704 S
1233 654 1260 705 t,
1277 649 1334 704 il
1350 667 1388 721 p
1405 648 1445 705 h
1462 665 1513 705 ο.

1263 755 1583 828 Exspecto,
1626 759 1693 811 ut
1723 771 1796 812 ex
1841 760 1904 813 ‘ce
1936 754 2304 828 intellegam.

1113 868 1574 964 Philoti‘pus.

493 997 852 1057 onreulam
900 999 1087 1056 nostri
1136 998 1320 1056 vieini
1370 1016 1446 1055 an
1494 996 1774 1057 noveris?

1188 1131 1342 1188 Stil
1403 1132 1511 1189 ho.

385 1254 461 1289 190
490 1237 874 1296 Iuveneulam
921 1239 1085 1295 illam
1135 1149 1561 1311 Demoplljiontis
1607 1237 1835 1295 filiam?

1114 1379 1460 1452 Philotip
1480 1397 1574 1438 us,

490 1485 706 1559 Ipsam.
1557 1565 1560 1570 .

1190 1610 1227 1668 S
1240 1612 1329 1668 til
1348 1628 1386 1684 p
1403 1613 1442 1668 h
1459 1629 1511 1669 0.
1602 1613 1621 1630 “

747 1717 982 1791 Optime
1030 1735 1305 1790 agnosco,

1117 1860 1165 1916 P
1182 1861 1291 1917 hil
1311 1877 1344 1917 o
1360 1867 1388 1917 t
1402 1860 1421 1916 i
1437 1879 1474 1933 p
1487 1878 1524 1917 u
1541 1876 1588 1917 s,

1308 1968 1458 2024 Meis
1506 1968 1673 2024 illam
1719 1983 1866 2024 voca

489 2063 719 2140 Verbis,
770 2071 836 2123 ut
882 2066 1022 2123 ilico
1071 2066 1227 2124 adsit
1248 2067 1259 2123 !

1175 2200 1213 2255 S
1230 2206 1256 2256 t
1277 2201 1292 2256 i
1314 2203 1387 2272 lp
1406 2201 1445 2257 h
1462 2218 1513 2257 ο.

1340 2309 1425 2363 At
1473 2306 1609 2378 quid
1658 2306 1911 2378 amplius

492 2404 700 2461 Dicam
718 2403 746 2460 ‘P
1689 2430 1694 2435 ·

1108 2530 1157 2586 Ρ
1172 2531 1330 2587 hilo
1346 2530 1406 2586 ti
1417 2548 1454 2602 p
1470 2547 1509 2585 u
1525 2546 1570 2586 s.

796 2637 984 2694 Pudet
1030 2637 1294 2710 proferre
1342 2654 1453 2693 me.
1549 2636 1677 2693 Vae
1724 2654 1815 2693 me
1863 2637 2138 2694 miserum
2160 2637 2171 2691 !

1176 2770 1506 2843 Stilpho.

488 2876 639 2945 Quid
689 2876 962 2934 obtines?
1011 2876 1072 2933 Si
1122 2884 1231 2949 est7
1282 2885 1348 2935 ut
1397 2895 1602 2950 queam
1652 2874 1859 2935 iuvare
1907 2885 1986 2950 te,

378 2991 458 3027 195
488 2974 608 3031 Fae
657 2974 918 3046 explices
965 2984 1222 3033 mentem
1268 2977 1465 3033 tuam!

1110 3110 1157 3165 P
1173 3111 1330 3166 hilo
1348 3116 1373 3167 t
1391 3102 1409 3165 i
1429 3128 1464 3182 p
1484 3127 1516 3165 u
1540 3127 1585 3167 s.

1557 3216 1662 3273 Vis
1712 3216 1903 3272 dicam
1919 3215 1948 3272 ‘?
1996 3217 2163 3272 Amo.

1175 3340 1286 3397 Sti
1311 3342 1435 3413 lpli
1454 3358 1504 3398 ο.

488 3446 669 3503 Amas
686 3446 713 3502 ⁶?

1120 3567 1219 3630 Ph
1240 3573 1257 3628 i
1276 3572 1569 3644 lotipus.

787 3678 954 3735 Amo.

375 3803 475 3846 Lat.
505 3803 936 3847 Litteraturdenkm.
969 3807 1029 3847 15.
1877 3808 1908 3854 6
