2752 4170
1098 266 1508 310 VETERATOR.
1580 255 1656 308 II.

510 428 668 483 Auro
715 427 827 484 tibi
874 428 962 484 nil
1008 426 1269 500 suavius,

508 523 643 581 Tibi
692 524 835 582 deus
881 526 1155 599 pecunia.

1124 649 1596 706 Veteraton

399 772 477 807 280
506 755 663 813 Edes
711 762 773 814 et
820 757 1047 814 anseris
1095 756 1214 815 mei

352 862 479 912 [baa]
509 852 768 927 Partem,
821 854 977 913 domi
1024 855 1122 926 qui
1169 859 1362 911 tostus
1412 859 1523 912 est.

1182 979 1235 1035 A
1255 995 1295 1034 v
1316 995 1351 1035 a
1371 995 1402 1034 r
1418 994 1458 1035 ιι
1479 994 1524 1036 s,

503 1083 534 1140 I
580 1085 754 1156 prae!
806 1083 1045 1157 Sequar,
1096 1101 1322 1141 meeum
1369 1083 1578 1142 feram.

1112 1207 1591 1265 Veterator.

504 1314 672 1372 Nihil
719 1315 931 1371 minus,
1026 1313 1322 1383 Quantum
1372 1330 1556 1386 grave

507 1411 655 1469 Mihi
703 1428 832 1469 esse
882 1411 1071 1469 eredis
1120 1413 1225 1469 sub
1272 1429 1405 1468 mea

398 1527 474 1562 285
504 1511 621 1567 Ala
669 1507 928 1568 ferenti?

1184 1617 1235 1672 A
1259 1633 1297 1673 v
1318 1634 1353 1673 a
1371 1635 1403 1672 r
1421 1634 1459 1673 u
1480 1633 1526 1675 s,

972 1722 1226 1780 Desine!

503 1821 824 1879 Honestius
869 1821 990 1894 fiet,
1041 1822 1090 1877 si
1141 1838 1250 1894 ego

503 1919 775 1976 PortabO.

1157 2007 1199 2065 C
1222 2026 1253 2065 o
1275 2026 1332 2065 m
1353 2010 1371 2064 i
1396 2026 1426 2065 e
1449 2027 1484 2064 u
1505 2025 1551 2067 s,

820 2115 1004 2185 Quam
1052 2117 1199 2173 mire
1248 2134 1412 2174 suam

504 2213 763 2285 Vterque
811 2230 1122 2286 personam
1170 2214 1358 2286 gerit!

502 2311 602 2368 Nil
649 2328 858 2384 nempe
905 2312 1425 2384 praetermittitur.

1110 2436 1587 2494 Veterator.

397 2558 473 2593 290
502 2542 632 2599 Non
678 2543 800 2600 fiet.
895 2543 976 2599 Et
1022 2544 1327 2615 potabitur

502 2640 750 2697 Abunde
800 2640 953 2712 apud
1000 2658 1112 2714 me,
1164 2640 1409 2698 credito,

1155 2764 1550 2823 Comicus,

504 2870 715 2929 Caules
765 2873 921 2943 edes,
973 2874 1018 2930 si
1071 2874 1208 2944 quid
1257 2874 1402 2929 mihi

503 2968 725 3041 Credis,
775 2972 1115 3043 priusquam
1165 2972 1309 3028 illue
1357 2987 1479 3044 eaS‚

502 3067 590 3125 Ne
638 3068 809 3148 illino
854 3074 1125 3127 revertas
1174 3070 1390 3127 ebrius.

1106 3193 1590 3251 Veterator.

396 3313 471 3348 295
504 3298 654 3373 Vah,
705 3300 961 3372 optimus
1007 3306 1144 3358 tuus
1191 3307 1364 3373 pater

500 3396 644 3454 Tam
692 3415 862 3454 mane
909 3415 1018 3455 nee
1065 3404 1188 3456 tam
1235 3400 1469 3471 vesperi

344 3503 471 3554 [bssb]
502 3494 824 3553 Transibat
869 3496 1011 3552 illae
1058 3497 1421 3569 neutiquam,

499 3591 649 3662 Quin
700 3593 958 3650 diceret:
1009 3593 1221 3651 Vicine
1269 3595 1370 3665 mi,

498 3689 648 3760 Quid
697 3690 846 3748 dieis
894 3697 997 3747 aut
1043 3692 1179 3763 quid
1227 3699 1293 3749 tu
1342 3690 1539 3749 facis?

391 3826 488 3866 Lat.
520 3807 953 3869 Litteraturdenkm.
985 3833 1048 3869 15.

2243 252 2319 306 17
