2752 4170
408 254 489 312 30
1077 270 1486 312 VETERAToR.
1559 258 1667 319 ΙΙΙ,
1709 260 1757 309 2.

1230 430 1712 487 Veteraton

620 537 755 594 Mea
801 555 964 610 uxor,
1015 538 1181 609 heus,
1230 537 1471 609 paulum
1516 553 1723 594 roseae
1771 538 1850 593 mi
1899 537 2035 593 dato

618 635 855 707 Aquae!
950 636 1151 692 Altius
1198 636 1419 708 levate,
1472 635 1753 706 stringito
1802 635 1998 691 retro!

620 734 771 790 Hem
818 735 1002 790 verba
1049 733 1260 790 surdae
1310 733 1551 790 semino.
1649 730 1905 803 Caudex,
1956 733 2102 788 mihi

620 814 763 904 V'aS,
814 835 881 887 ut
929 832 1144 903 bibam,
1195 831 1400 907 tradas
1451 830 1762 900 aquosum!
1859 829 2096 886 Verrito

514 946 590 979 515
619 928 871 986 Plantas
918 929 1130 1001 pedum
1178 928 1351 985 mihi!

1274 1070 1316 1127 C
1346 1088 1378 1127 o
1409 1072 1506 1127 mi
1529 1087 1559 1127 c
1576 1089 1614 1127 u
1635 1088 1682 1128 s.

1255 1178 1364 1250 Ho,
1416 1179 1589 1235 simul
1638 1195 1810 1248 quam
1857 1178 2111 1250 plurima

622 1276 805 1350 Petit,
855 1282 1131 1350 potenter
1175 1276 1352 1347 fingit
1400 1281 1725 1347 aegrotum.

1309 1419 1652 1474 Avarus,

1810 1524 2004 1580 Audio

622 1623 759 1679 Illic
811 1640 959 1679 eum.

1260 1746 1698 1804 Veterator.

988 1854 1180 1911 Aufer
1224 1854 1364 1911 hinc
1415 1855 1533 1910 cito
1592 1860 1831 1925 gentem
1878 1854 2109 1925 nigram

622 1953 824 2010 Hanc!
921 1953 1217 2031 Marmara
1265 1952 1537 2008 carimati
1585 1953 1917 2008 marimara.

1360 2095 1581 2152 onr.

465 2211 590 2262 [0210]
624 2202 811 2275 Eheu,
864 2202 1001 2274 quid
1050 2203 1179 2274 hoc,
1230 2207 1297 2257 ut
1341 2207 1468 2258 tete
1518 2202 1681 2273 agis!
1777 2202 2055 2258 Furiosus
2104 2217 2185 2257 eS.

1245 2342 1682 2400 Veterator.

516 2477 592 2512 520
622 2460 753 2516 Non
802 2460 861 2515 id
909 2460 1096 2532 vides,
1148 2460 1298 2530 quod
1347 2457 1581 2516 sentio?
1674 2459 2027 2515 Monachum
2073 2459 2315 2530 nigrum

622 2558 843 2614 Eccum
891 2558 1224 2615 volantem!
1320 2557 1494 2613 Hunc
1544 2557 1767 2630 accipe,
1817 2558 1896 2613 ha
1944 2557 2156 2614 stolam
2205 2557 2354 2614 dato

622 2656 728 2713 Ei!
779 2656 929 2711 Atat
975 2656 1141 2726 heus,
1192 2672 1307 2712 non
1354 2661 1421 2711 tu
1469 2655 1637 2712 vides
1685 2653 2046 2712 ascendere?

1359 2815 1576 2872 onr.

620 2932 748 2988 Hoc
797 2932 933 3003 quid
982 2932 1080 3004 sit,
1130 2933 1329 2988 hercle
1376 2932 1572 2987 miror.
1670 2931 1818 2987 Hem
1866 2948 1981 2987 non
2028 2936 2088 2986 te
2136 2931 2385 3003 pudet?

620 3030 838 3101 Agitas
885 3028 1150 3102 profecto
1198 3034 1258 3086 te
1307 3029 1501 3085 nimis

1232 3188 1711 3246 Veterator.

1582 3295 1714 3351 Vah
1762 3297 1990 3368 pocula,

513 3411 589 3445 525
622 3395 839 3451 Medici
887 3395 1033 3451 mihi
1081 3411 1230 3465 quae
1276 3394 1650 3450 tradiderunt
1696 3395 1880 3466 potui,

623 3492 811 3547 Meme
859 3492 1006 3548 mori
1053 3491 1266 3548 fecere.
1363 3490 1616 3547 Credere
1666 3496 1929 3547 attamen

621 3589 753 3645 Illis
801 3594 1051 3662 oportet,
1102 3607 1231 3645 cum
1278 3589 1469 3661 perite
1519 3596 1706 3645 artem
1754 3590 1950 3645 sciunt

625 3685 993 3757 Callentque.
