2752 4170
950 268 1359 311 VETERATOR.
1436 255 1505 318 V.
1550 256 1595 321 13
1634 258 1684 311 2.
2253 247 2335 304 65

1151 418 1203 475 V
1221 436 1253 477 e
1269 424 1296 476 t
1311 436 1343 476 e
1358 437 1391 475 r
1407 424 1478 476 at
1494 435 1525 475 o
1541 436 1589 476 r.

894 517 1066 575 Hanc
1113 517 1370 591 gratiam

382 635 488 669 1215
518 616 785 675 Reddam
832 616 944 673 tibi
994 618 1176 676 semel
1224 632 1446 688 parem.

867 827 1123 887 ACTVS
1172 828 1245 885 V.
1341 827 1654 885 SOAENA
1701 827 1783 886 II.

682 959 1124 1039 Veterator.
1220 980 1493 1055 Opilio.
1591 978 1949 1038 Comicus.

943 1122 997 1178 V
1015 1127 1085 1179 et
1102 1138 1178 1179 er
1193 1127 1268 1179 at
1283 1138 1316 1179 o
1334 1139 1365 1178 r
1410 1121 1690 1193 loquitur.

515 1230 735 1288 Abiere
782 1230 901 1287 iam
913 1227 942 1285 Ῥ
999 1226 1115 1286 Sic.
1213 1227 1445 1285 Callide
1494 1228 1690 1285 devici
1738 1243 1856 1285 eos.

514 1327 666 1396 Quid
713 1328 903 1385 maius
952 1327 1112 1385 astu!
1163 1327 1482 1399 Agnicule,
1531 1326 1678 1384 heus
1724 1326 1822 1382 tu!

1230 1437 1503 1542 Opilio.

1866 1567 2007 1624 Bee.

338 1677 465 1727 [essb]
1150 1664 1594 1723 Veterator.
2332 1730 2337 1734 ,

2063 1752 2330 1810 Ehodum

512 1853 606 1911 Ad
654 1854 773 1910 me!
825 1852 1030 1911 Tuane
1077 1869 1172 1910 res
1220 1853 1395 1910 hodie
1445 1852 1623 1910 cessit
1670 1853 1781 1909 tibi

511 1950 807 2009 Pulchre?

1229 2067 1503 2142 Opilio,

832 2157 974 2215 Bee.

1145 2272 1582 2330 Veterator.

959 2372 1086 2427 Iam
1130 2371 1384 2429 recessit
1430 2371 1825 2430 adversarius

374 2486 479 2521 1220
509 2469 675 2526 Istuc
720 2470 828 2526 bee
875 2468 1080 2525 mitte!
1128 2468 1254 2525 Iam
1303 2469 1491 2526 omnis
1539 2474 1631 2526 est
1677 2485 1772 2526 res
1821 2469 1881 2525 in
1930 2470 2099 2526 vado.

512 2565 626 2624 Sed
674 2567 767 2623 dic
815 2566 979 2639 mihi,
1029 2582 1222 2623 nonne
1270 2567 1374 2623 ille
1424 2565 1644 2623 habet?
1695 2567 1847 2623 Num
1898 2569 2230 2641 consilium7

512 2664 595 2720 Vt
640 2682 736 2722 res
788 2670 935 2736 erat,
986 2681 1266 2737 perquam
1297 2667 1513 2721 bonum
1560 2665 1670 2721 tibi
1721 2663 1919 2736 dedi‘?‚

2219 2352 2252 2367 θ

1228 2799 1503 2872 Opilio.

513 2887 654 2944 Bee.

1157 2977 1585 3035 Veterator.

687 3075 814 3131 Iam
862 3080 1080 3132 metum
1129 3092 1355 3132 omnem
1404 3076 1582 3148 pone!
1633 3075 1816 3133 Nemo
1863 3080 1924 3132 te
1974 3075 2193 3132 audiet.

512 3172 713 3230 Effare
759 3178 889 3229 tuto
911 3173 922 3228 !

1219 3288 1265 3345 O
1282 3289 1503 3361 pilio.

936 3386 1077 3443 Bee.

1148 3494 1195 3548 V
1216 3512 1246 3551 e
1259 3500 1285 3550 t
1300 3511 1331 3551 e
1348 3513 1378 3549 r
1394 3512 1430 3551 a
1446 3501 1471 3550 t
1484 3512 1515 3551 o
1529 3513 1576 3551 r.

1075 3591 1230 3647 (todo
1280 3598 1592 3663 argentum
1641 3592 1784 3649 mihi
1808 3593 1819 3648 !

371 3706 477 3742 1225
508 3689 605 3746 Me
651 3695 884 3762 tempus
934 3695 1024 3746 est
1072 3690 1252 3746 abire.

396 3826 496 3868 Lat.
528 3823 963 3868 Litteraturdeukm.
994 3830 1059 3866 15.
1967 3813 1999 3862 5
