2752 4170
471 242 555 299 42
1148 257 1558 300 VETERATOR.
1632 244 1741 306 III,
1780 246 1830 297 3.

686 418 820 492 Oro,
869 418 1025 491 vide,
1076 417 1214 489 quid
1261 415 1520 474 feminae
1567 416 1874 489 ingenium
1922 422 2141 490 potest,

685 515 836 586 Quid
884 516 1131 589 lingua!
1227 513 1448 573 Sensus
1493 514 1795 586 propriine
1844 530 2056 587 expers
2103 513 2277 571 abit?

1365 639 1719 696 Avarus

685 746 964 804 Sanctam
1013 747 1262 804 Mariam
1312 747 1460 818 iur0,
1510 763 1666 806 nunc
1714 743 1966 802 rationis
2015 750 2106 802 est

686 844 836 902 Mihi
884 846 1097 918 minus,
1147 861 1322 916 quam
1368 860 1623 915 unquam
1671 842 1807 900 fuit.
1888 840 1935 900 Ο
1987 841 2280 915 diaboluS,

577 958 657 995 ⁷40
688 941 893 1016 Credo,
943 960 1136 1000 meum
1185 959 1443 1015 pannum
1491 941 1636 998 tulit
1682 945 1919 1013 sumpta
1964 940 2130 998 illius

530 1049 658 1099 [dlb]
689 1041 979 1115 Imagine,
1029 1045 1097 1098 ut
1141 1044 1410 1098 tentaret
1457 1040 1657 1096 hercle
1705 1056 1816 1096 me.
1910 1039 2100 1096 Deum

684 1137 982 1196 Summum
1027 1155 1253 1211 precor,
1304 1155 1378 1194 ne
1426 1138 1616 1210 possit
1664 1154 1908 1209 usquam
1954 1142 2206 1210 tangere

684 1236 780 1294 Me
826 1237 924 1294 vel
973 1237 1111 1309 quid
1160 1236 1233 1293 ad
1280 1253 1372 1293 me
1420 1235 1747 1308 pertinens.
1806 1234 1887 1292 Et
1918 1240 2228 1307 postquam
2259 1236 2358 1293 ita
2397 1245 2529 1312 est,

682 1333 1043 1406 Quicumque
1092 1338 1253 1392 certe
1301 1334 1462 1406 cepit
1508 1334 1683 1405 hunc,
1733 1332 1882 1390 dono
1932 1333 2002 1390 do
2051 1334 2105 1390 ei

577 1449 654 1484 745
681 1432 903 1489 Libens
951 1432 1057 1489 deo
1106 1432 1368 1491 auctore.
2077 1414 2084 1419 ’

1332 1535 1726 1612 Comicus.

1313 1661 1532 1719 Hercle
1580 1679 1769 1734 parva
1816 1663 2014 1734 gratia
2061 1668 2169 1736 est,

685 1760 935 1819 Servare
984 1760 1133 1833 quod
1180 1766 1246 1817 tu
1295 1777 1412 1819 non
1462 1775 1659 1832 queas,
1709 1759 1857 1816 illud
1906 1761 2064 1817 dare.

1298 1885 1775 1944 Veteraton

681 1990 851 2064 Hem,
903 1992 1178 2063 quidnam
1228 1992 1365 2050 ais?
1458 1993 1611 2050 Num
1659 1992 1885 2050 fraudis
1934 1997 2119 2050 artem
2169 1995 2424 2053 calleo?

680 2090 827 2147 Abit
871 2092 1057 2148 bonus
1105 2090 1435 2149 Guilelmus
1483 2093 1607 2150 ille.
1702 2092 2003 2149 Insomnia

681 2188 763 2244 Et
808 2188 1069 2246 visiones
1116 2190 1407 2261 plurimae
1455 2190 1679 2263 ludent,
1730 2190 1871 2262 scio,

576 2293 653 2338 τεο
682 2286 1016 2344 Insomnem
1066 2304 1216 2359 eum,
1268 2287 1519 2344 dormire
1567 2288 1702 2344 dum
1750 2294 1928 2345 noctu
1974 2289 2155 2347 volet.

1334 2411 1732 2471 Comicus.

680 2517 797 2574 Hic
845 2519 1090 2575 verbero
1139 2518 1533 2590 nequissimus
1582 2520 1799 2593 dignus
1847 2536 2018 2576 cruce

679 2614 748 2671 Id
798 2615 1109 2689 gloriatur,
1161 2617 1311 2687 quod
1360 2617 1513 2674 male
1561 2618 1690 2691 ipse
1738 2616 1970 2674 fecerit.

680 2713 964 2771 Exsultat
1010 2714 1073 2770 in
1119 2732 1183 2772 re
1231 2715 1508 2787 pessima.

1417 2839 1649 2897 onr.

1679 2947 2005 3004 Emunctus
2053 2946 2168 3003 fuit

677 3042 862 3111 Quam
909 3043 1187 3117 pulchre!
1283 3043 1413 3100 Eho
1461 3062 1599 3101 num
1647 3045 1900 3101 orationi
1949 3045 2150 3102 sedulo

573 3157 649 3192 755
682 3139 986 3199 Subservii
1034 3139 1185 3213 ego?

1319 3246 1726 3306 Comicus

1326 3354 1458 3412 Non
1507 3356 1729 3429 sedum,
1780 3356 1881 3413 sed
1929 3357 2164 3413 callide.

1285 3478 1769 3538 Veterator.

678 3583 947 3656 Ecastor,
998 3590 1064 3641 ut
1113 3584 1304 3642 dicam
1353 3586 1433 3659 id,
1484 3586 1634 3657 quod
1684 3593 1792 3661 est,
1841 3595 1909 3645 tu
1955 3590 2243 3661 perprobe

531 3688 658 3739 [ozza]
688 3679 770 3736 Et
816 3681 912 3752 pol
960 3697 1155 3753 supra,
1206 3699 1380 3754 quam
1428 3683 1616 3741 dicier
1660 3690 1875 3758 potest,
1924 3691 2060 3744 tuas
