2752 4170
480 244 560 301 32
1158 258 1560 301 vl-:TERATOR
1632 245 1740 307 ΙΙΙ,
1781 250 1828 298 2.

535 427 658 479 [031³]
691 418 848 474 Hinc
894 424 961 475 tu
1006 418 1234 491 recede,
1287 418 1436 490 quod
1483 418 1594 474 tibi
1642 423 1845 476 vertat
1891 419 2063 490 male,

691 515 1172 588 Quandoquidem
1218 516 1466 589 pulchre
1512 531 1755 573 recusas
1803 515 2044 573 cedere!

1373 640 1720 698 Avarus,

690 746 941 805 Genium
987 764 1179 804 meum
1226 748 1387 804 iuro:
1436 764 1628 804 meum
1675 764 1954 819 pannum,
2004 750 2320 816 antequam

687 844 1002 902 Dimovero
1052 861 1337 917 quoquam
1384 845 1593 918 pedem
1641 845 1780 902 hine
1828 850 1889 902 et
1936 844 2219 915 desinam.

582 960 659 994 555
694 943 935 1000 Habebo
983 944 1081 1001 vel
1131 942 1368 1000 francos
1418 959 1647 1000 novem.

1298 1066 1778 1125 Veterator

1537 1174 1707 1246 Hem,
1759 1180 1821 1230 et
1868 1172 2005 1245 quid
2053 1188 2183 1229 mea

690 1271 922 1329 Vrina?
968 1272 1122 1329 Num
1169 1279 1462 1330 monstrat
1507 1272 1620 1329 tibi
1666 1289 1758 1328 me
1805 1271 2130 1344 proximum

688 1370 866 1427 Morti
916 1368 1090 1428 esse?
1137 1370 1384 1443 Amabo,
1435 1375 1657 1442 quanta
1701 1370 1807 1426 fiat
1853 1370 2001 1426 haec
2049 1383 2228 1439 mora,

690 1468 778 1524 Ne
826 1473 1073 1524 mortem
1122 1468 1312 1525 adhuc
1361 1465 1710 1525 deosculer?

1360 1591 1402 1650 C
1422 1610 1453 1649 o
1470 1593 1559 1649 mi
1577 1610 1607 1649 c
1624 1609 1661 1647 u
1678 1609 1725 1650 s,

1708 1698 1872 1768 Quod
1921 1697 2182 1754 osculum

689 1798 817 1855 Non
867 1804 962 1855 sat
1008 1798 1303 1870 voluptati
1351 1797 1464 1853 tibi
1513 1797 1685 1870 foret,
1736 1797 1877 1868 scio,

582 1912 657 1946 ⁵⁶0
688 1896 798 1964 Qui
847 1897 1000 1952 mole
1049 1896 1130 1952 sis
1176 1900 1348 1951 tanta
1397 1895 1698 1952 involutus
1747 1892 2072 1951 criminum.

1431 2019 1651 2076 onr.

688 2129 801 2184 Abi
852 2129 1003 2185 cito!
1053 2128 1184 2184 Non
1232 2130 1329 2200 pol
1379 2127 1530 2184 facis
1576 2133 1759 2200 recte.
1811 2127 1907 2197 qui
1957 2142 2087 2183 eum

688 2226 783 2282 Sic
834 2242 1063 2283 eneceS.

1372 2316 1722 2373 Avarus.

1062 2421 1213 2491 Quid
1259 2423 1390 2494 hoc,
1439 2423 1675 2495 malum,
1727 2421 1951 2478 eneco‘?
2001 2420 2173 2477 Cedo,

688 2521 817 2577 Non
866 2520 1011 2577 illud
1061 2526 1154 2577 est
1201 2537 1451 2592 aequum
1498 2521 1664 2577 modo
1713 2536 1803 2576 me
1850 2519 2097 2591 perdere

688 2617 801 2675 Sex
848 2619 1027 2675 hasce
1075 2618 1257 2690 panni
1307 2619 1496 2675 ulnas,

1299 2733 1785 2791 Veterator.

1456 2840 1634 2897 Potin
1681 2841 1938 2898 merdam
1989 2858 2175 2898 meam

580 2955 656 2990 565
688 2939 1019 3011 Liquidam,
1070 2939 1359 3010 magister
1405 2940 1483 2995 mi
1529 2937 1844 3008 IohanneS.
1895 2938 2184 2996 reddere?

685 3036 773 3093 Eo
821 3053 1004 3109 usque
1051 3037 1198 3093 dura
1243 3042 1353 3109 est,
1403 3042 1470 3093 ut
1517 3053 1724 3107 queam
1772 3036 1983 3093 durare
2030 3037 2150 3109 vix,

529 3150 650 3194 [ma]
688 3134 802 3191 Vbi
853 3152 1042 3192 meum
1092 3139 1263 3191 extra
1312 3151 1520 3207 corpus
1568 3135 1679 3191 illa
1727 3135 2039 3191 emittitur.

1367 3240 1421 3296 A
1442 3258 1482 3298 v
1504 3257 1539 3297 a
1559 3258 1589 3297 r
1608 3258 1644 3296 u
1666 3257 1711 3298 6.

684 3348 848 3405 Istuc
897 3365 1007 3420 ego
1056 3346 1235 3404 cura?
1283 3348 1509 3404 Novem
1557 3346 1793 3404 francos
1840 3348 2003 3404 date!

1427 3470 1662 3529 onr.

687 3559 800 3635 Pol'
842 3583 1038 3635 mente
1087 3595 1234 3636 sana
1276 3596 1398 3638 non
1446 3595 1527 3651 66,
1579 3581 1689 3637 hoc
1737 3580 1943 3638 credas
1989 3579 2152 3636 mihi.

582 3691 658 3727 570
689 3676 823 3746 Abi,
874 3675 1110 3746 quiesce
1156 3676 1490 3748 paululum!
1543 3677 1717 3733 Multi
1767 3678 2012 3750 improbi
