2752 4170
417 227 497 283 72
1252 240 1607 284 PROLOGVS.

1145 783 1706 841 PROLOGVS.

626 931 689 988 Si
737 928 1010 987 laudibus
1056 923 1232 985 iustis
1281 943 1399 998 eOS‚
1449 927 1767 984 honoribus

631 1029 835 1086 Etiam
884 1043 952 1083 ac
999 1025 1314 1097 triumphis
1363 1041 1534 1081 sacra
1581 1029 1851 1083 vetustas
1901 1024 2104 1097 coluit,

627 1126 882 1196 Quorum
931 1124 1180 1196 egregia
1226 1123 1419 1194 virtus
1467 1122 1759 1194 decusque
1807 1121 2177 1196 splendidum

627 1225 909 1296 Magnam
959 1219 1211 1279 salutem
1248 1217 1432 1278 'rebus
1478 1221 1752 1278 humanis
1797 1221 1959 1293 tulit,
2124 1206 2130 1210 ’

493 1303 503 1315 ’
572 1341 596 1374 5
628 1321 690 1380 Si
737 1325 1027 1394 perpetua
1074 1319 1302 1377 decoris
1350 1318 1793 1393 pulchritudine

624 1419 960 1490 Laudisque
1007 1417 1450 1491 praedicatione
1499 1417 1730 1487 merita,

625 1518 894 1576 Romana
941 1517 1220 1574 iuventus
1269 1532 1406 1574 suas
1453 1532 1557 1588 pro
1601 1515 1770 1578 ,curia

627 1614 1009 1673 sollemniter
1053 1613 1256 1670 laudet
1302 1619 1620 1685 matronas,
1672 1613 1820 1685 quod
1869 1613 1990 1670 suis

625 1711 1128 1772 Aerariumolim
1178 1711 1344 1768 clade
1395 1712 1745 1768 exhaustum
1792 1709 2019 1768 Punica

548 1830 597 1866 ιο
627 1811 995 1870 Munusculis
1044 1809 1461 1882 impleverunt,
1512 1810 1628 1867 viri
1677 1809 1903 1882 optimi,

623 1910 818 1968 Debet
865 1914 1111 1966 conatus
1158 1914 1360 1967 noster
1407 1909 1589 1964 etiam
1638 1907 1893 1980 gratiam

624 2007 800 2065 Recti
851 2024 919 2064 ac
966 2005 1103 2063 boni
1151 2022 1298 2078 erga
1343 2023 1449 2063 nos
1497 2006 1681 2063 studii
1729 2006 2023 2078 consequi,

625 2106 737 2176 Qui
784 2106 1082 2178 publicam
1130 2105 1336 2162 iuvare
1386 2095 1610 2162 nostra'
1635 2105 1930 2162 industria

627 2204 951 2262 Laetitiam
1001 2204 1230 2260 alacres
1278 2203 1636 2276 studeamus,
1686 2204 1840 2260 bona

545 2320 594 2356 15
624 2302 843 2360 Vestra
887 2302 1265 2374 benignitate
1300 2299 1500 2374 -fre'ti,
1529 2302 1700 2373 idque
1749 2300 1951 2360 facere

622 2400 944 2458 Honestius
991 2400 1331 2472 putavimus
1380 2417 1550 2470 quam
1599 2399 1885 2472 languida

624 2498 929 2556 Vilescere
978 2498 1244 2555 socordia
1291 2503 1396 2554 aut
1443 2497 1609 2555 ludos
1657 2498 1841 2555 malos

623 2595 875 2653 Vestrae
922 2596 1219 2668 voluptati
1268 2602 1628 2668 anteponere
1675 2601 1944 2653 veterum

620 2694 918 2766 Exempla
965 2695 1173 2766 secuti,
1225 2695 1323 2765 qui
1371 2699 1627 2751 maestos
1674 2694 1876 2766 populi
1925 2693 2150 2750 animos

545 2811 595 2846 20
626 2791 997 2865 Spectaculis
1046 2792 1473 2849 comoediarum
1523 2810 1559 2849 a
1604 2792 1876 2850 tristibus

625 2890 795 2947 Curis
842 2898 1198 2947 revocarunt
1245 2890 1318 2946 ad
1367 2890 1550 2946 animi
1598 2890 1896 2962 gaudium.

624 2988 785 3058 Quae
833 2993 1036 3046 nostra
1081 2989 1359 3045 voluntas
1409 2988 1780 3059 studiumque
1830 2989 2095 3046 omnibus

624 3086 1013 3144 Gratificandi
1063 3087 1113 3143 si
1161 3087 1442 3158 probetur
1489 3086 1706 3143 iudicio

623 3184 838 3242 Vestro
888 3189 1064 3255 atque
1113 3184 1563 3256 existimationi,
1614 3184 1926 3257 poscimus.

540 3299 590 3335 25
622 3282 1032 3339 Attentionem
1081 3299 1209 3338 cum
1256 3283 1676 3340 benevolentia
1725 3273 1824 3339 ac'

624 3379 874 3438 Silentio
922 3381 1090 3438 nobis
1135 3382 1494 3454 praebeatis,
1544 3380 1831 3453 siquidem

624 3476 972 3535 Comoediae
1021 3484 1256 3536 nostrae
1306 3487 1718 3551 argumentum
1767 3496 1935 3537 omne
1984 3479 2256 3552 explicat

625 3574 739 3631 Hic
788 3575 977 3646 prima
1023 3592 1255 3633 scaena.
1351 3578 1501 3634 Eam
1548 3578 1823 3650 benignis
1873 3572 2111 3636 auribus

632 3671 980 3744 Excipiatis,
1029 3691 1320 3745 rogamus,

1981 2200 2012 2213 s.
