2752 4170
1060 240 1471 285 VETERATOR.
1538 227 1584 289 Ι,
1626 230 1675 281 3.

1153 400 1207 457 V
1220 413 1252 458 e
1262 406 1290 458 t
1306 418 1338 458 e
1352 419 1385 457 r
1400 406 1467 457 at
1482 417 1514 458 o
1525 418 1574 459 r.

966 508 1093 565 Iam
1143 508 1216 564 ad
1263 507 1559 565 nundinas
1605 524 1697 565 me
1745 506 2002 566 confero.

1266 632 1478 690 onn

512 738 603 795 Ad
651 737 987 798 nundinas?

1156 863 1210 920 V
1225 869 1295 921 et
1311 881 1387 921 er
1401 867 1581 922 ator.

1027 969 1180 1029 Sane
1230 971 1485 1043 quidem.

1248 1075 1303 1133 V
1320 1094 1359 1133 x
1375 1094 1407 1134 o
1422 1093 1470 1134 r.

1516 1181 1687 1256 Quid,
1737 1184 1997 1255 obsecre,

509 1281 591 1338 Mi
637 1282 750 1355 vir,
800 1280 940 1354 quid
986 1281 1131 1338 illuc
1144 1279 1172 1337 Ῥ

1153 1404 1207 1461 V
1226 1422 1257 1463 e
1270 1411 1298 1462 t
1311 1410 1470 1462 erat
1482 1421 1514 1462 o
1528 1423 1578 1462 r.

1218 1511 1414 1569 Panni
1460 1512 1545 1569 ibi
1592 1512 1904 1584 quicquam
1954 1528 2168 1570 emero.

1178 1636 1538 1695 Comicus.

424 1761 475 1797 95
504 1744 659 1814 Quos
708 1745 884 1802 audio
932 1744 1172 1817 iurgare
1220 1745 1303 1801 ibi
1349 1744 1450 1802 vel
1499 1744 1569 1801 de
1617 1744 1826 1817 quibus

502 1842 740 1901 Rebus?
787 1841 961 1916 Puto,
1011 1848 1150 1900 sunt
1198 1842 1501 1916 coniuges,
1553 1843 1651 1914 qui
1699 1842 1770 1899 de
1818 1842 1941 1900 suis

503 1940 792 1998 Tractant
839 1941 1014 1998 simul
1060 1940 1341 2013 negotiis.
1434 1939 1525 1998 Ne
1574 1957 1684 2013 ego
1733 1940 1866 1998 volo

501 2040 747 2114 Adesse,
797 2038 1035 2112 longius
1066 2043 1286 2113 tamen,
1336 2055 1411 2096 ne
1460 2038 1743 2112 sentiant,

501 2137 585 2195 Vt
631 2138 785 2196 scire
829 2137 1070 2212 possim,
1120 2137 1258 2209 quid
1306 2137 1421 2194 sibi
1470 2137 1847 2195 dissentiant.

1134 2263 1564 2320 Veterator.

394 2388 470 2422 loo
498 2370 683 2429 Nobis
732 2387 842 2428 nec
888 2387 1007 2427 una
1053 2370 1240 2428 vestis
1289 2374 1400 2441 est,
1451 2384 1599 2440 quae
1652 2367 1890 2425 sordida

497 2468 581 2525 Et
624 2469 773 2525 trita
819 2485 935 2526 non
984 2468 1082 2525 sit.

1172 2592 1531 2650 ComicuS.

1223 2700 1358 2757 Non
1406 2705 1501 2758 sat
1548 2705 1693 2773 apta
1737 2699 1990 2772 tempori

496 2796 609 2855 Isti
657 2798 881 2856 nivoso.

1246 2903 1460 2961 onn

923 3010 1144 3084 Perge!
1196 3010 1346 3081 Quid
1394 3017 1520 3069 tum
1566 3010 1817 3084 postea?

497 3109 586 3167 Ne
634 3126 813 3166 unum
863 3109 1097 3181 quidem
1144 3110 1455 3167 numisma.
1550 3108 1701 3180 Quid
1749 3107 2147 3166 mercaberis?

1160 3233 1528 3293 Comicus».

496 3340 662 3398 Dicit
707 3342 907 3414 probe.
1002 3339 1222 3399 Rerum
1270 3347 1452 3414 caput
1497 3343 1768 3415 pecunia.

387 3455 464 3491 105
494 3438 761 3497 Numinis
810 3456 1019 3498 carens
1066 3440 1325 3498 insulsus
1374 3444 1486 3513 est,
1534 3441 1810 3514 prudens,
1860 3440 1958 3512 qui
2007 3440 2207 3497 habet.

333 3573 460 3625 [2510]
1133 3563 1560 3622 Veterator.

495 3669 645 3738 Quid
690 3669 804 3729 tu?
853 3670 1045 3734 Sinas.
1095 3670 1364 3729 Pannum
1412 3671 1528 3729 nisi
1574 3672 1693 3729 iam
1740 3670 1981 3744 videriS‚
