2752 4170
998 245 1400 288 ADVOCATVS.
1484 228 1550 291 Il,
1588 233 1637 287 4.

413 420 491 456 385
520 404 688 462 Haec
737 405 991 463 aniculis
1039 410 1100 463 et
1147 406 1526 463 scholasticis
1572 405 1786 478 pariet,

521 502 888 574 Multumque
936 503 1231 561 sudabunt
1279 504 1565 561 cucullati
1613 503 1907 561 monachi.

1204 662 1354 720 Stil
1423 664 1531 721 ho,

519 769 567 827 Ο
614 769 990 828 fertilitatem
1039 681 1412 844 pudendam?
1451 769 1564 827 Sed
1613 769 1750 842 quid
1799 775 1891 827 est

520 867 839 941 Amplius?

1204 992 1555 1064 Magicus,

839 1099 1242 1157 Periculosum
1293 1100 1408 1156 erit
1455 1098 1518 1155 in
1565 1098 1864 1155 montibus
1912 1104 1972 1155 et

519 1196 591 1253 In
638 1197 921 1270 virgultis
967 1197 1175 1256 venari
1225 1203 1287 1254 et
1333 1197 1501 1253 albas
1547 1197 1754 1254 beluas

416 1311 492 1346 390
521 1294 777 1367 Bipedes
827 1295 1012 1367 sequi,
1062 1312 1136 1351 ne
1186 1295 1456 1351 aculeum
1505 1294 1756 1351 defixum
1803 1295 1957 1351 male

519 1392 822 1464 Linquant
868 1393 1154 1450 abeuntes
1202 1400 1263 1448 et
1309 1392 1578 1448 oriantur
1624 1393 1763 1449 hinc

520 1490 789 1563 Repente
835 1491 1113 1548 bubones,

1150 1623 1620 1696 Philotipus.

1033 1799 1043 1810 ⁶
1143 1730 1294 1799 Quid
1341 1731 1453 1787 hoc
1503 1730 1862 1802 aenigmatis

522 1827 677 1886 Est?

1206 1953 1530 2025 Stilpho.

735 2061 917 2134 HeuS,
967 2061 1127 2133 here,
1176 2061 1339 2118 tace!
1390 2059 1716 2118 Profanare
1764 2060 1910 2117 artis
1958 2060 2104 2116 haec

522 2159 811 2232 Mysteria
858 2164 950 2216 est
995 2159 1228 2231 religio.

1192 2301 1557 2373 MagicuS.

1252 2409 1449 2465 Primo
1497 2408 1654 2465 Iunii

415 2533 495 2569 395
525 2515 922 2574 Conversione
969 2516 1090 2588 poli
1137 2516 1575 2587 tonitribusque
1625 2514 1878 2571 horridis

522 2615 897 2687 Fragoreque
948 2614 1321 2670 concutietur
1364 2619 1545 2670 terra.
1641 2613 1727 2670 Eo

523 2712 726 2769 Mense
760 2710 916 2768 fetor
961 2711 1186 2768 orietur
1234 2711 1684 2783 ingentissimus

524 2794 615 2866 Ei
664 2811 795 2866 culo
845 2813 906 2866 et
952 2809 1238 2866 intestino
1287 2814 1450 2866 recto
1500 2810 1570 2865 ob
1620 2809 1861 2865 nimiam

525 2907 797 2965 Ciborum
846 2907 1244 2964 abundantem
1295 2908 1542 2980 copiam.

1208 3057 1535 3131 Stilpho.

1596 3165 1859 3237 Egregie
1908 3165 2094 3236 igitur

418 3271 496 3305 400
527 3253 757 3311 Pedent
801 3254 1106 3311 Iacobitae
1153 3271 1361 3310 vorare
1410 3255 1662 3327 piscium

524 3351 780 3408 Tantum
828 3352 1012 3409 soliti.

1185 3475 1244 3531 M
1263 3495 1299 3532 a
1313 3495 1354 3548 g
1375 3478 1439 3533 ic
1456 3494 1495 3532 u
1513 3493 1558 3533 s.

1057 3583 1393 3641 Autumnus
1439 3585 1652 3655 ingens
1701 3582 1932 3639 adferet

526 3681 747 3739 Malum
796 3681 1179 3753 collegiorum
1228 3681 1502 3738 alumnis

2254 226 2334 284 93
