2752 4170
938 281 1346 325 VETERATOR.
1420 271 1528 333 IH,
1570 274 1619 325 2.
2134 278 2140 285 ·
2205 270 2288 324 29

1165 443 1217 499 A
1238 460 1277 502 v
1298 461 1334 500 a
1354 460 1385 499 r
1403 461 1440 500 ιι
1462 460 1508 502 8.

366 564 446 599 500
478 545 594 604 Sed
639 553 790 622 tute,
838 549 993 623 pica,
1044 548 1539 623 expergefeceriS.

1130 674 1172 731 C
1196 692 1228 731 ο
1254 675 1351 732 mi
1373 692 1405 732 c
1425 692 1463 731 u
1490 691 1536 733 8.

871 834 877 840 .
1530 782 1750 855 Papae,

477 876 653 935 Pica!
702 879 855 936 hem.

1161 1007 1215 1061 A
1237 1022 1276 1062 v
1297 1022 1331 1062 a
1353 1021 1384 1060 r
1401 1022 1438 1061 ιι
1460 1021 1506 1063 8.

905 1109 1037 1169 Scio
1085 1112 1275 1169 illum.

1127 1235 1169 1293 C
1194 1253 1225 1293 o
1247 1255 1304 1294 m
1324 1237 1343 1292 i
1366 1254 1398 1294 c
1417 1254 1455 1293 u
1477 1253 1523 1295 8.

1328 1343 1699 1416 Epithethon
1748 1362 1919 1416 quam
1966 1346 2262 1418 proprium

474 1439 690 1496 Dedit!

1155 1566 1505 1623 Avarus

692 1671 840 1728 Volo
889 1672 1176 1745 expediri.

1210 1796 1443 1853 onr.

1289 1904 1422 1960 Heu
1470 1902 1654 1975 quid?
1745 1903 1963 1961 Ebrius

314 2016 442 2063 [oza]
476 2000 686 2058 Nonne
734 2017 797 2059 es
844 2001 942 2060 vel
991 2000 1178 2073 impos
1226 1999 1487 2058 mentis?
1581 2001 1798 2058 Hercle
1848 2019 1929 2060 es,

1159 2127 1507 2185 Avarus.

460 2308 465 2314 ,
1823 2233 1992 2306 Quid,
2044 2236 2285 2305 malum,

476 2332 608 2404 Ego
657 2331 895 2407 ebrius?
988 2332 1129 2389 Vini
1177 2349 1385 2405 parum
1432 2332 1554 2388 bibi
1601 2332 1794 2388 hodie.

1210 2474 1452 2532 onn

367 2599 446 2633 505
479 2581 782 2640 submissa
826 2584 1008 2639 verba
1055 2579 1172 2654 fac,
1223 2598 1386 2654 rogo.

1161 2724 1506 2782 AvaruS.

1544 2830 1656 2900 Qui
1715 2836 1967 2889 tutemet

474 2928 544 2986 Id
595 2944 709 2985 non
756 2926 951 2986 facis?
999 2927 1218 2985 Precor
1263 2928 1466 2985 videre
1517 2962 1600 2969 -
1649 2928 1863 2986 audis?
1911 2928 2059 2985 Mihi

475 3026 613 3083 Vah
661 3031 881 3097 quanta
926 3043 1117 3099 poena
1162 3027 1382 3083 habere
1429 3042 1553 3083 rem
1601 3044 1731 3083 cum
1779 3026 2049 3084 feminis!

1136 3159 1536 3217 Comicae.

478 3267 594 3325 Sed
640 3267 921 3340 taedium,
971 3285 1087 3325 non
1134 3266 1379 3340 perficit
1427 3272 1588 3324 certe
1637 3268 1741 3325 ille
1790 3284 1952 3340 opus3

477 3365 591 3434 Qui
639 3365 847 3437 lingua
895 3366 981 3423 eis
1029 3370 1259 3422 certare
1309 3365 1590 3422 destinat.

1159 3509 1213 3563 A
1235 3525 1273 3565 v
1295 3525 1330 3564 a
1351 3525 1382 3564 r
1401 3525 1438 3563 u
1460 3524 1505 3564 8.

1666 3613 1814 3669 Mihi

364 3732 446 3765 510
481 3712 543 3770 Si
593 3714 941 3786 solveretur,
992 3713 1130 3770 hinc
1180 3713 1404 3768 abirem
1450 3712 1737 3784 protinus.
