2752 4170
425 238 509 296 82

1103 252 1505 297 ADVOCATVS.
1590 241 1668 307 H,
1711 243 1755 296 1.

1325 411 1659 486 Stilpho,

1155 528 1340 586 Totus
1386 530 1567 587 miser
1613 545 1695 587 eS.
1790 530 1941 587 Nam
1990 536 2078 588 est
2124 523 2303 587 ‘amor

639 629 761 687 Res
808 630 987 702 plena
1033 627 1280 686 solliciti
1327 628 1559 685 timoris
1607 644 1678 684 ae
1725 628 1914 686 veluti

636 727 869 785 Parvae
916 726 1245 799 voluptatis
1292 726 1512 783 malum
1560 726 1982 784 dulcissimum.

1234 866 1729 977 P'hilotipus.

636 1019 904 1078 Prudens
951 1020 1144 1077 sciens
1192 1019 1367 1077 vivus
1416 1019 1745 1090 vidensque
1791 1007 1988 1092 pereoss

1335 1196 1373 1255 S
1386 1197 1481 1253 til
1494 1214 1530 1270 p
1547 1198 1587 1254 h
1600 1214 1650 1254 0.

524 1330 602 1369 που
633 1313 696 1372 Si
743 1313 985 1386 poteriS‚
1036 1311 1334 1370 adfectum
1381 1313 1621 1370 remitte
1667 1313 2005 1386 paululum!
2054 1363 2059 1369 .

1253 1491 1709 1565 Philotipus.

629 1607 726 1665 Ah
775 1624 885 1680 quo
934 1606 1118 1664 modo'
1148 1605 1414 1679 possim?

1317 1792 1355 1850 S
1370 1795 1436 1850 ti
1457 1794 1530 1867 lp
1554 1794 1592 1850 11
1609 1811 1660 1851 o.

1483 1910 1840 1967 Medicinam
1889 1910 2055 1983 cupis
2071 1907 2099 1964 3>

1251 2087 1711 2161 Philotipus.

627 2205 773 2279 Vae,
825 2192 940 2262 non
989 2205 1219 2278 patitur
1265 2221 1429 2261 amor
1473 2203 1846 2261 medicinam.

1323 2380 1643 2454 Stilpho,

1907 2497 2107 2570 Papae

624 2597 737 2654 Est
783 2612 973 2668 paene
1020 2597 1347 2652 morborum
1398 2596 1654 2652 omnium
1702 2596 1996 2654 medicina

622 2693 875 2766 Aliqua3
927 2693 1155 2750 nullum
1203 2693 1361 2750 solus
1411 2711 1573 2750 amor
1618 2694 1938 2751 remedium

518 2808 596 2846 που
626 2791 843 2849 Habet.
939 2789 1110 2848 Solus
1160 2796 1323 2848 earet
1371 2791 1603 2848 ratione
1653 2808 1831 2850 amor.

1237 2967 1463 3026 Philo
1484 2970 1717 3042 tipus.

1840 3085 1967 3144 Inis

620 3181 869 3239 Frustra
915 3182 1206 3239 rationem
1252 3183 1428 3240 hanc.
1525 3183 1690 3256 Fuge
1738 3184 1878 3241 hine
1927 3184 2223 3242 curriculo

619 3279 817 3350 Atque
865 3279 1091 3337 advoca
1137 3279 1304 3336 illam
1353 3281 1426 3337 ad
1475 3282 1599 3337 me!
1697 3281 1882 3353 Vola!

1305 3465 1636 3542 Stilpho.

1899 3575 2140 3634 Pennae
2187 3578 2345 3635 mihi

620 3668 751 3724 Non
800 3674 954 3741 sunt,
1003 3670 1205 3726 volare
1252 3676 1320 3727 ut
1366 3673 1582 3745 possim
1631 3673 1926 3732 commodo
1975 3691 2047 3732 ex
2094 3691 2244 3732 mee.
