2752 4170
394 223 476 278 24
1062 235 1472 279 VETERATOR.
1549 223 1655 285 111,
1697 224 1743 274 2.

1295 396 1630 453 Avarus

1735 500 1885 571 Quid
1934 499 2092 558 hoc?

1341 635 1395 691 V
1417 653 1456 692 x
1477 652 1508 692 ο
1530 652 1575 692 r.

605 745 733 802 Ah!

1288 866 1341 922 A
1363 883 1402 923 v
1424 884 1459 922 a
1481 883 1511 922 r
1530 884 1567 922 u
1589 883 1634 923 8.

738 975 869 1047 Dic,
919 974 1019 1031 ubi
1069 979 1160 1031 est
1180 971 1208 1028 *Ρ

1205 1164 1208 1173 ,
1346 1087 1577 1145 onn

1242 1195 1413 1268 Hem,
1464 1195 1562 1252 ubi
1611 1211 1740 1252 esse
1788 1195 1963 1252 debet
1978 1193 2006 1251 *Ρ

1291 1320 1637 1377 Avarus.

1907 1425 2095 1496 Quis?

1346 1549 1579 1607 onn
2209 1624 2213 1630 Δ

2022 1657 2186 1732 Quis⁷
2235 1657 2432 1714 hem?

1261 1781 1655 1840 ComicuS.

607 1892 791 1963 Quam
839 1897 1085 1963 uterque
1132 1891 1413 1948 convenit
1461 1890 1606 1948 sibi!

1292 2025 1345 2081 A
1368 2041 1408 2083 v
1429 2043 1461 2081 a
1482 2043 1513 2080 r
1529 2042 1567 2080 u
1589 2041 1635 2081 8.

1654 2133 1766 2189 Dic
1814 2132 1978 2204 heus,
2030 2131 2128 2187 ubi
2177 2136 2271 2188 est
2292 2129 2323 2186 ’ἓ

1337 2256 1570 2320 onr.

608 2365 724 2422 Vbi
772 2371 864 2423 est
910 2363 1135 2422 miser?
1185 2363 1501 2436 Supremus
1548 2364 1677 2436 ipse
1723 2363 1994 2435 Iuppiter

608 2464 677 2520 Id
726 2465 876 2521 scire
924 2465 1042 2520 iam
1089 2464 1257 2520 velit.
1309 2461 1515 2519 Cubile
1563 2462 1881 2532 languidus

500 2579 577 2615 435
607 2563 916 2635 Asservat‚
966 2562 1028 2617 in
1077 2579 1186 2632 quo
1237 2560 1546 2631 adfligitur
1589 2564 1780 2616 tortus
1829 2559 1996 2616 velut

450 2671 574 2722 [bea]
608 2660 839 2731 Martyr
886 2661 1048 2716 lacer
1094 2661 1211 2715 iam
1260 2659 1623 2730 septimanas
1672 2656 1961 2713 undecim.

1261 2791 1657 2848 Comicus,

609 2900 728 2957 Hui
778 2916 950 2970 quam
996 2901 1175 2972 probe
1222 2900 1444 2956 iussum
1493 2898 1693 2954 mariti
1740 2897 2004 2969 perficit!

608 2996 722 3055 Sex
772 2998 1133 3070 septimanas
1181 2998 1438 3053 iusserat
1487 2996 1638 3051 dici:
1690 2996 1962 3051 undecim

606 3097 771 3153 Haec
821 3095 1006 3164 dixin
1061 3099 1284 3166 augent
1331 3095 1394 3149 in
1443 3094 1686 3165 duplum
1734 3093 1819 3149 sic
1868 3092 2141 3149 feminae.

1294 3229 1346 3283 A
1369 3245 1408 3284 v
1430 3245 1464 3283 a
1484 3245 1517 3285 r
1535 3244 1572 3282 u
1593 3244 1639 3284 8.

504 3354 579 3390 440
610 3336 751 3405 Quis
799 3336 903 3392 ille
951 3336 1185 3393 tantum
1234 3332 1554 3406 aegrotus?

1334 3468 1387 3523 V
1414 3486 1451 3525 x
1473 3485 1504 3525 o
1530 3486 1578 3525 r.

1522 3575 1619 3630 Ah
1668 3590 1902 3645 quaese,
1953 3572 2096 3629 mihi

609 3672 900 3743 Ignosce!
951 3672 1081 3728 Non
1131 3673 1318 3730 ausim
1366 3672 1525 3743 loqui
1574 3672 1857 3729 sonorius.
