2752 4170
374 231 501 290 104
1078 217 1479 287 ADVOCATvs.
1564 233 1674 291 ΙΠ,
1713 237 1762 289 4.

1185 423 1694 479 Timonaehus.

590 530 897 588 Pastorem
945 547 1056 602 ego
1103 536 1165 586 te
1212 536 1354 602 puto
1404 530 1691 602 luparum⁷
1743 530 1840 600 qui
1888 530 2032 586 mihi

477 646 553 681 555
585 628 947 701 Obgannias.
1042 627 1238 684 Aedes
1288 645 1398 699 ego
1446 629 1554 683 has
1604 645 1733 683 eum
1783 626 2013 683 familia

588 726 759 783 Omni
806 742 967 783 meas
1016 726 1144 782 dieo
1195 741 1343 782 esse.

1273 867 1581 940 Stilpho,

1407 974 1532 1042 Qua
1582 974 1831 1031 confisus
1877 975 1987 1029 hoc

580 1075 767 1131 Audis
815 1073 1048 1130 cuculla
1095 1072 1329 1129 dicere?

1182 1215 1684 1272 TimonaehuS.

1332 1323 1460 1390 Qua
1506 1321 1701 1378 fronte
1751 1339 1841 1378 me

581 1422 717 1494 Ipse
766 1422 1078 1494 prohibeas
1128 1420 1370 1477 aedibus
1420 1419 1606 1477 meis?

1271 1564 1587 1637 Stilpho,

667 1738 674 1745 .
1653 1671 1785 1742 Ego

580 1770 784 1828 Istanc
832 1771 1061 1827 domum
1110 1772 1222 1828 soli
1271 1771 1560 1829 advocato
1608 1770 1749 1825 hero
1798 1784 1924 1824 meo

475 1886 552 1922 560
582 1869 800 1925 Assoro
846 1874 1071 1941 patere,
1126 1869 1394 1926 suaviter
1441 1885 1570 1925 eum
1618 1867 1854 1923 Racilia

583 1966 694 2037 Qui
746 1967 1006 2024 oblectat
1054 1968 1215 2024 intus
1264 1983 1411 2023 sese.

1176 2110 1694 2168 Timonaohus.

1437 2216 1482 2275 Ο
1529 2216 1817 2289 Iuppiter,
1869 2214 2101 2271 facinus

576 2318 826 2390 Ingens!
877 2319 1057 2376 Fores
1107 2335 1210 2375 eur
1256 2333 1365 2389 ego
1414 2333 1530 2373 non
1577 2315 1873 2385 disrumpo
1922 2319 1983 2369 et
2027 2312 2185 2367 hunc

581 2416 725 2473 Cum
774 2416 1047 2473 adultera
1097 2415 1366 2473 confodio
1417 2414 1622 2470 simul!

1280 2557 1317 2615 S
1330 2559 1388 2613 ti
1407 2558 1474 2629 lp
1489 2559 1527 2612 h
1540 2574 1592 2612 0.

1653 2663 1784 2719 Non
1832 2662 2040 2731 sinam,

579 2765 771 2823 Senex
820 2765 1135 2822 cucullate.

1238 2888 1320 2944 Ti
1339 2904 1394 2942 m
1408 2904 1438 2943 o
1452 2904 1489 2941 n
1504 2903 1537 2942 a
1551 2903 1580 2942 c
1594 2886 1631 2941 h
1645 2902 1679 2940 u
1694 2901 1739 2939 S.

1220 2993 1359 3051 Sine
1409 3010 1518 3065 me,
1568 2990 1957 3047 infortunium
2006 2994 2110 3045 aut

471 3114 547 3148 565
580 3096 861 3167 Magnum
909 3093 1085 3151 feres.

1280 3216 1318 3273 S
1335 3217 1392 3272 ti
1407 3217 1474 3288 lp
1493 3217 1531 3271 h
1549 3234 1599 3271 ο.

1156 3324 1450 3396 Experiar
1498 3339 1607 3393 ego
1656 3322 1784 3380 hoe,

1163 3468 1361 3524 Timo
1380 3484 1417 3522 n
1436 3467 1678 3522 achus.

1781 3571 1941 3642 Ergo
1991 3569 2186 3627 virum

581 3671 666 3728 Te
714 3677 952 3743 praesta
971 3673 983 3727 l
