<?xml version="1.0" encoding="UTF-8"?>
<!DOCTYPE html PUBLIC "-//W3C//DTD XHTML 1.0 Transitional//EN"
    "http://www.w3.org/TR/xhtml1/DTD/xhtml1-transitional.dtd">
<html xmlns="http://www.w3.org/1999/xhtml" xml:lang="en" lang="en">
 <head>
  <title>
</title>
<meta http-equiv="Content-Type" content="text/html;charset=utf-8" />
  <meta name='ocr-system' content='tesseract 3.04.00' />
  <meta name='ocr-capabilities' content='ocr_page ocr_carea ocr_par ocr_line ocrx_word'/>
</head>
<body>
  <div class='ocr_page' id='page_1' title='image "./veteratormaistr00boltgoog_0104.png"; bbox 0 0 2752 4170; ppageno 0'>
   <div class='ocr_carea' id='block_1_1' title="bbox 450 220 1784 289">
    <p class='ocr_par' dir='ltr' id='par_1_1' title="bbox 450 220 1784 289">
     <span class='ocr_line' id='line_1_1' title="bbox 450 220 1784 289; baseline -0.001 -10"><span class='ocrx_word' id='word_1_1' title='bbox 450 220 532 279; x_wconf 82' lang='lat'>66</span> <span class='ocrx_word' id='word_1_2' title='bbox 1146 238 1550 282; x_wconf 75' lang='lat' dir='ltr'>vETnRAToR.</span> <span class='ocrx_word' id='word_1_3' title='bbox 1623 226 1693 289; x_wconf 89' lang='lat' dir='ltr'>V,</span> <span class='ocrx_word' id='word_1_4' title='bbox 1736 228 1784 278; x_wconf 77' lang='lat'>2.</span> 
     </span>
    </p>
   </div>
   <div class='ocr_carea' id='block_1_2' title="bbox 520 397 2497 1957">
    <p class='ocr_par' dir='ltr' id='par_1_2' title="bbox 520 397 2497 1957">
     <span class='ocr_line' id='line_1_2' title="bbox 1332 397 1692 456; baseline -0.006 0"><span class='ocrx_word' id='word_1_5' title='bbox 1332 397 1692 456; x_wconf 75' lang='lat' dir='ltr'>Comicus,</span> 
     </span>
     <span class='ocr_line' id='line_1_3' title="bbox 1442 495 2024 567; baseline 0 -15"><span class='ocrx_word' id='word_1_6' title='bbox 1442 496 1707 565; x_wconf 77' lang='lat' dir='ltr'>Quonam</span> <span class='ocrx_word' id='word_1_7' title='bbox 1755 495 2024 567; x_wconf 85' lang='lat' dir='ltr'>gentium</span> 
     </span>
     <span class='ocr_line' id='line_1_4' title="bbox 661 592 1141 653; baseline -0.004 0"><span class='ocrx_word' id='word_1_8' title='bbox 661 595 898 653; x_wconf 86' lang='lat' dir='ltr'>Evadet</span> <span class='ocrx_word' id='word_1_9' title='bbox 943 592 1141 652; x_wconf 78' lang='lat' dir='ltr'>istuc?</span> 
     </span>
     <span class='ocr_line' id='line_1_5' title="bbox 1374 681 1898 755; baseline 0.002 -16"><span class='ocrx_word' id='word_1_10' title='bbox 1374 681 1652 755; x_wconf 88' lang='lat' dir='ltr'>Opilio.</span> <span class='ocrx_word' id='word_1_11' title='bbox 1867 713 1898 740; x_wconf 53' lang='lat' dir='ltr'>a</span> 
     </span>
     <span class='ocr_line' id='line_1_6' title="bbox 1191 781 1332 839; baseline 0.007 -1"><span class='ocrx_word' id='word_1_12' title='bbox 1191 781 1332 839; x_wconf 89' lang='lat' dir='ltr'>Bee.</span> 
     </span>
     <span class='ocr_line' id='line_1_7' title="bbox 1292 895 1732 953; baseline 0 0"><span class='ocrx_word' id='word_1_13' title='bbox 1292 895 1732 953; x_wconf 78' lang='lat' dir='ltr'><strong>Veterator.</strong></span> 
     </span>
     <span class='ocr_line' id='line_1_8' title="bbox 1353 992 2338 1066; baseline -0.001 -15"><span class='ocrx_word' id='word_1_14' title='bbox 1353 993 1491 1051; x_wconf 88' lang='lat' dir='ltr'>Tibi</span> <span class='ocrx_word' id='word_1_15' title='bbox 1539 999 1605 1051; x_wconf 89' lang='lat' dir='ltr'>ut</span> <span class='ocrx_word' id='word_1_16' title='bbox 1653 993 1845 1051; x_wconf 82' lang='lat' dir='ltr'>dicam</span> <span class='ocrx_word' id='word_1_17' title='bbox 1892 992 1971 1066; x_wconf 78' lang='lat' dir='ltr'>id,</span> <span class='ocrx_word' id='word_1_18' title='bbox 2023 992 2173 1065; x_wconf 91' lang='lat' dir='ltr'>quod</span> <span class='ocrx_word' id='word_1_19' title='bbox 2224 998 2338 1066; x_wconf 84' lang='lat' dir='ltr'>est,</span> 
     </span>
     <span class='ocr_line' id='line_1_9' title="bbox 656 1090 2134 1165; baseline -0.002 -15"><span class='ocrx_word' id='word_1_20' title='bbox 656 1093 846 1151; x_wconf 89' lang='lat' dir='ltr'>Probe</span> <span class='ocrx_word' id='word_1_21' title='bbox 894 1097 1058 1149; x_wconf 87' lang='lat' dir='ltr'>tuam</span> <span class='ocrx_word' id='word_1_22' title='bbox 1105 1091 1287 1165; x_wconf 79' lang='lat' dir='ltr'><strong>egisti</strong></span> <span class='ocrx_word' id='word_1_23' title='bbox 1336 1092 1546 1165; x_wconf 79' lang='lat' dir='ltr'>edepol</span> <span class='ocrx_word' id='word_1_24' title='bbox 1594 1108 1924 1164; x_wconf 81' lang='lat' dir='ltr'>personam,</span> <span class='ocrx_word' id='word_1_25' title='bbox 1976 1097 2037 1148; x_wconf 89' lang='lat' dir='ltr'>et</span> <span class='ocrx_word' id='word_1_26' title='bbox 2082 1090 2134 1147; x_wconf 86' lang='lat' dir='ltr'>is</span> 
     </span>
     <span class='ocr_line' id='line_1_10' title="bbox 656 1188 1813 1262; baseline -0.002 -15"><span class='ocrx_word' id='word_1_27' title='bbox 656 1190 819 1261; x_wconf 83' lang='lat' dir='ltr'>Quod</span> <span class='ocrx_word' id='word_1_28' title='bbox 867 1190 1029 1247; x_wconf 81' lang='lat' dir='ltr'>ocius</span> <span class='ocrx_word' id='word_1_29' title='bbox 1077 1188 1324 1262; x_wconf 85' lang='lat' dir='ltr'>fugatus</span> <span class='ocrx_word' id='word_1_30' title='bbox 1371 1195 1471 1247; x_wconf 83' lang='lat' dir='ltr'>est</span> <span class='ocrx_word' id='word_1_31' title='bbox 1519 1189 1592 1247; x_wconf 91' lang='lat' dir='ltr'>ad</span> <span class='ocrx_word' id='word_1_32' title='bbox 1639 1189 1813 1262; x_wconf 79' lang='lat' dir='ltr'>retia,</span> 
     </span>
     <span class='ocr_line' id='line_1_11' title="bbox 653 1285 1934 1361; baseline -0.002 -15"><span class='ocrx_word' id='word_1_33' title='bbox 653 1288 724 1346; x_wconf 93' lang='lat' dir='ltr'>Id</span> <span class='ocrx_word' id='word_1_34' title='bbox 770 1289 868 1361; x_wconf 90' lang='lat' dir='ltr'>pol</span> <span class='ocrx_word' id='word_1_35' title='bbox 916 1285 1051 1361; x_wconf 83' lang='lat' dir='ltr'>fuit,</span> <span class='ocrx_word' id='word_1_36' title='bbox 1102 1288 1252 1361; x_wconf 89' lang='lat' dir='ltr'>quod</span> <span class='ocrx_word' id='word_1_37' title='bbox 1301 1287 1647 1346; x_wconf 82' lang='lat' dir='ltr'>continebas</span> <span class='ocrx_word' id='word_1_38' title='bbox 1694 1285 1934 1344; x_wconf 85' lang='lat' dir='ltr'>fortiter</span> 
     </span>
     <span class='ocr_line' id='line_1_12' title="bbox 520 1386 1290 1443; baseline 0.013 -4"><span class='ocrx_word' id='word_1_39' title='bbox 520 1403 625 1440; x_wconf 78' lang='lat'><strong>1230</strong></span> <span class='ocrx_word' id='word_1_40' title='bbox 654 1386 882 1443; x_wconf 82' lang='lat' dir='ltr'><strong>Risum.</strong></span> <span class='ocrx_word' id='word_1_41' title='bbox 1284 1417 1290 1423; x_wconf 91' lang='lat'><strong>·</strong></span> 
     </span>
     <span class='ocr_line' id='line_1_13' title="bbox 1369 1472 1642 1546; baseline 0 -15"><span class='ocrx_word' id='word_1_42' title='bbox 1369 1472 1642 1546; x_wconf 76' lang='lat' dir='ltr'>Opilio,</span> 
     </span>
     <span class='ocr_line' id='line_1_14' title="bbox 866 1571 1008 1630; baseline 0 -1"><span class='ocrx_word' id='word_1_43' title='bbox 866 1571 1008 1630; x_wconf 89' lang='lat' dir='ltr'>Bee.</span> 
     </span>
     <span class='ocr_line' id='line_1_15' title="bbox 1287 1687 1721 1746; baseline 0.005 -2"><span class='ocrx_word' id='word_1_44' title='bbox 1287 1687 1721 1746; x_wconf 77' lang='lat' dir='ltr'>Veterator.</span> 
     </span>
     <span class='ocr_line' id='line_1_16' title="bbox 1032 1784 2497 1859; baseline 0.001 -16"><span class='ocrx_word' id='word_1_45' title='bbox 1032 1784 1185 1855; x_wconf 78' lang='lat' dir='ltr'>Quid</span> <span class='ocrx_word' id='word_1_46' title='bbox 1231 1784 1385 1843; x_wconf 85' lang='lat' dir='ltr'>bee?</span> <span class='ocrx_word' id='word_1_47' title='bbox 1432 1785 1606 1843; x_wconf 84' lang='lat' dir='ltr'><strong>Haud</strong></span> <span class='ocrx_word' id='word_1_48' title='bbox 1654 1785 1907 1857; x_wconf 87' lang='lat' dir='ltr'>amplius</span> <span class='ocrx_word' id='word_1_49' title='bbox 1954 1784 2112 1841; x_wconf 86' lang='lat' dir='ltr'>dieto</span> <span class='ocrx_word' id='word_1_50' title='bbox 2159 1790 2256 1841; x_wconf 85' lang='lat' dir='ltr'>est</span> <span class='ocrx_word' id='word_1_51' title='bbox 2304 1802 2497 1859; x_wconf 82' lang='lat' dir='ltr'>opus.</span> 
     </span>
     <span class='ocr_line' id='line_1_17' title="bbox 651 1883 1780 1957; baseline -0.001 -17"><span class='ocrx_word' id='word_1_52' title='bbox 651 1883 802 1941; x_wconf 88' lang='lat' dir='ltr'>Mihi</span> <span class='ocrx_word' id='word_1_53' title='bbox 848 1884 1106 1957; x_wconf 85' lang='lat' dir='ltr'>benigne</span> <span class='ocrx_word' id='word_1_54' title='bbox 1154 1889 1215 1942; x_wconf 93' lang='lat' dir='ltr'>et</span> <span class='ocrx_word' id='word_1_55' title='bbox 1263 1884 1511 1941; x_wconf 85' lang='lat' dir='ltr'>comiter</span> <span class='ocrx_word' id='word_1_56' title='bbox 1556 1883 1780 1941; x_wconf 84' lang='lat' dir='ltr'>solvas!</span> 
     </span>
    </p>
   </div>
   <div class='ocr_carea' id='block_1_3' title="bbox 481 2007 2239 2574">
    <p class='ocr_par' dir='ltr' id='par_1_3' title="bbox 481 2007 2239 2574">
     <span class='ocr_line' id='line_1_18' title="bbox 1327 2007 1685 2067; baseline -0.006 -1"><span class='ocrx_word' id='word_1_57' title='bbox 1327 2007 1370 2066; x_wconf 88' lang='lat' dir='ltr'>C</span> <span class='ocrx_word' id='word_1_58' title='bbox 1388 2026 1420 2067; x_wconf 94' lang='lat' dir='ltr'>o</span> <span class='ocrx_word' id='word_1_59' title='bbox 1434 2008 1524 2066; x_wconf 91' lang='lat' dir='ltr'>mi</span> <span class='ocrx_word' id='word_1_60' title='bbox 1540 2025 1570 2065; x_wconf 85' lang='lat' dir='ltr'>c</span> <span class='ocrx_word' id='word_1_61' title='bbox 1588 2025 1624 2065; x_wconf 91' lang='lat' dir='ltr'><strong>u</strong></span> <span class='ocrx_word' id='word_1_62' title='bbox 1640 2024 1685 2066; x_wconf 87' lang='lat' dir='ltr'>s.</span> 
     </span>
     <span class='ocr_line' id='line_1_19' title="bbox 1785 2103 2138 2176; baseline -0.008 -13"><span class='ocrx_word' id='word_1_63' title='bbox 1785 2105 1937 2176; x_wconf 82' lang='lat' dir='ltr'>Quid</span> <span class='ocrx_word' id='word_1_64' title='bbox 1984 2106 2093 2162; x_wconf 87' lang='lat' dir='ltr'>hoo</span> <span class='ocrx_word' id='word_1_65' title='bbox 2110 2103 2138 2160; x_wconf 73' lang='grc' dir='ltr'>ἱ)</span> 
     </span>
     <span class='ocr_line' id='line_1_20' title="bbox 649 2205 2239 2278; baseline -0.001 -16"><span class='ocrx_word' id='word_1_66' title='bbox 649 2205 819 2278; x_wconf 82' lang='lat' dir='ltr'>Hem,</span> <span class='ocrx_word' id='word_1_67' title='bbox 871 2205 1117 2263; x_wconf 82' lang='lat' dir='ltr'>comiter</span> <span class='ocrx_word' id='word_1_68' title='bbox 1161 2211 1446 2277; x_wconf 89' lang='lat' dir='ltr'>quantum</span> <span class='ocrx_word' id='word_1_69' title='bbox 1493 2205 1676 2262; x_wconf 77' lang='lat' dir='ltr'>voleS.</span> <span class='ocrx_word' id='word_1_70' title='bbox 1771 2205 1971 2261; x_wconf 89' lang='lat' dir='ltr'>Habes</span> <span class='ocrx_word' id='word_1_71' title='bbox 2017 2209 2239 2261; x_wconf 89' lang='lat' dir='ltr'>tamen.</span> 
     </span>
     <span class='ocr_line' id='line_1_21' title="bbox 1362 2329 1643 2404; baseline -0.007 -17"><span class='ocrx_word' id='word_1_72' title='bbox 1362 2329 1410 2387; x_wconf 91' lang='lat' dir='ltr'>O</span> <span class='ocrx_word' id='word_1_73' title='bbox 1430 2348 1467 2404; x_wconf 88' lang='lat' dir='ltr'>p</span> <span class='ocrx_word' id='word_1_74' title='bbox 1485 2330 1542 2386; x_wconf 93' lang='lat' dir='ltr'>il</span> <span class='ocrx_word' id='word_1_75' title='bbox 1560 2329 1643 2387; x_wconf 87' lang='lat' dir='ltr'>io.</span> 
     </span>
     <span class='ocr_line' id='line_1_22' title="bbox 481 2427 790 2489; baseline -0.01 0"><span class='ocrx_word' id='word_1_76' title='bbox 481 2436 597 2489; x_wconf 76' lang='lat' dir='ltr'>[fia]</span> <span class='ocrx_word' id='word_1_77' title='bbox 646 2427 790 2486; x_wconf 80' lang='grc' dir='ltr'><strong>Βθθ.</strong></span> 
     </span>
     <span class='ocr_line' id='line_1_23' title="bbox 1281 2516 1713 2574; baseline -0.002 0"><span class='ocrx_word' id='word_1_78' title='bbox 1281 2516 1335 2573; x_wconf 89' lang='lat' dir='ltr'>V</span> <span class='ocrx_word' id='word_1_79' title='bbox 1353 2534 1385 2574; x_wconf 95' lang='lat' dir='ltr'>e</span> <span class='ocrx_word' id='word_1_80' title='bbox 1396 2522 1423 2574; x_wconf 91' lang='lat' dir='ltr'>t</span> <span class='ocrx_word' id='word_1_81' title='bbox 1441 2534 1473 2574; x_wconf 92' lang='lat' dir='ltr'>e</span> <span class='ocrx_word' id='word_1_82' title='bbox 1487 2533 1518 2573; x_wconf 90' lang='lat' dir='ltr'>r</span> <span class='ocrx_word' id='word_1_83' title='bbox 1533 2534 1569 2573; x_wconf 92' lang='lat' dir='ltr'>a</span> <span class='ocrx_word' id='word_1_84' title='bbox 1583 2521 1610 2571; x_wconf 87' lang='lat' dir='ltr'>t</span> <span class='ocrx_word' id='word_1_85' title='bbox 1622 2533 1652 2573; x_wconf 95' lang='lat' dir='ltr'>o</span> <span class='ocrx_word' id='word_1_86' title='bbox 1665 2533 1713 2573; x_wconf 90' lang='lat' dir='ltr'>r.</span> 
     </span>
    </p>
   </div>
   <div class='ocr_carea' id='block_1_4' title="bbox 509 2612 2387 3320">
    <p class='ocr_par' dir='ltr' id='par_1_4' title="bbox 509 2612 2387 3320">
     <span class='ocr_line' id='line_1_24' title="bbox 863 2612 2121 2686; baseline -0.002 -16"><span class='ocrx_word' id='word_1_87' title='bbox 863 2613 1015 2683; x_wconf 79' lang='lat' dir='ltr'>Quid</span> <span class='ocrx_word' id='word_1_88' title='bbox 1062 2612 1214 2672; x_wconf 81' lang='lat' dir='ltr'>bee‘?</span> <span class='ocrx_word' id='word_1_89' title='bbox 1262 2613 1427 2672; x_wconf 87' lang='lat' dir='ltr'>Serio</span> <span class='ocrx_word' id='word_1_90' title='bbox 1475 2615 1754 2686; x_wconf 86' lang='lat' dir='ltr'>loquaris,</span> <span class='ocrx_word' id='word_1_91' title='bbox 1804 2619 1930 2671; x_wconf 87' lang='lat' dir='ltr'>tum</span> <span class='ocrx_word' id='word_1_92' title='bbox 1977 2613 2121 2670; x_wconf 89' lang='lat' dir='ltr'>mihi</span> 
     </span>
     <span class='ocr_line' id='line_1_25' title="bbox 644 2711 1590 2785; baseline -0.001 -15"><span class='ocrx_word' id='word_1_93' title='bbox 644 2711 874 2771; x_wconf 76' lang='lat' dir='ltr'>Solvas,</span> <span class='ocrx_word' id='word_1_94' title='bbox 968 2712 1158 2770; x_wconf 87' lang='lat' dir='ltr'>Abibo</span> <span class='ocrx_word' id='word_1_95' title='bbox 1205 2712 1590 2785; x_wconf 85' lang='lat' dir='ltr'>postmodum.</span> 
     </span>
     <span class='ocr_line' id='line_1_26' title="bbox 1360 2837 1642 2910; baseline 0.004 -16"><span class='ocrx_word' id='word_1_96' title='bbox 1360 2837 1642 2910; x_wconf 76' lang='lat' dir='ltr'>Opilio,</span> 
     </span>
     <span class='ocr_line' id='line_1_27' title="bbox 1653 2934 1795 2991; baseline -0.014 1"><span class='ocrx_word' id='word_1_97' title='bbox 1653 2934 1795 2991; x_wconf 92' lang='lat' dir='ltr'>Bee.</span> 
     </span>
     <span class='ocr_line' id='line_1_28' title="bbox 1272 3050 1705 3109; baseline 0 -2"><span class='ocrx_word' id='word_1_98' title='bbox 1272 3050 1705 3109; x_wconf 85' lang='lat' dir='ltr'>Veterator.</span> 
     </span>
     <span class='ocr_line' id='line_1_29' title="bbox 1834 3147 2387 3221; baseline 0.004 -15"><span class='ocrx_word' id='word_1_99' title='bbox 1834 3147 1992 3221; x_wconf 82' lang='lat' dir='ltr'>Scin,</span> <span class='ocrx_word' id='word_1_100' title='bbox 2043 3147 2181 3219; x_wconf 86' lang='lat' dir='ltr'>quid</span> <span class='ocrx_word' id='word_1_101' title='bbox 2232 3150 2387 3208; x_wconf 76' lang='lat' dir='ltr'>est?</span> 
     </span>
     <span class='ocr_line' id='line_1_30' title="bbox 509 3245 2037 3320; baseline 0.003 -22"><span class='ocrx_word' id='word_1_102' title='bbox 509 3262 612 3299; x_wconf 79' lang='lat'>1285</span> <span class='ocrx_word' id='word_1_103' title='bbox 644 3247 813 3319; x_wconf 82' lang='lat' dir='ltr'>Mihi,</span> <span class='ocrx_word' id='word_1_104' title='bbox 864 3248 1123 3320; x_wconf 82' lang='lat' dir='ltr'>obseerO,</span> <span class='ocrx_word' id='word_1_105' title='bbox 1174 3248 1372 3306; x_wconf 82' lang='lat' dir='ltr'>solvas</span> <span class='ocrx_word' id='word_1_106' title='bbox 1420 3263 1529 3304; x_wconf 83' lang='lat' dir='ltr'>nec</span> <span class='ocrx_word' id='word_1_107' title='bbox 1577 3245 1736 3304; x_wconf 88' lang='lat' dir='ltr'>istud</span> <span class='ocrx_word' id='word_1_108' title='bbox 1785 3246 2037 3318; x_wconf 85' lang='lat' dir='ltr'>amplius</span> 
     </span>
    </p>
   </div>
   <div class='ocr_carea' id='block_1_5' title="bbox 638 3343 2201 3499">
    <p class='ocr_par' dir='ltr' id='par_1_5' title="bbox 638 3343 2201 3499">
     <span class='ocr_line' id='line_1_31' title="bbox 639 3343 2201 3417; baseline 0.001 -17"><span class='ocrx_word' id='word_1_109' title='bbox 639 3344 822 3402; x_wconf 82' lang='lat' dir='ltr'>Dicas</span> <span class='ocrx_word' id='word_1_110' title='bbox 870 3347 996 3401; x_wconf 91' lang='lat' dir='ltr'>bee.</span> <span class='ocrx_word' id='word_1_111' title='bbox 1077 3343 1303 3402; x_wconf 85' lang='lat' dir='ltr'>Taedet</span> <span class='ocrx_word' id='word_1_112' title='bbox 1352 3345 1589 3417; x_wconf 85' lang='lat' dir='ltr'>saepius</span> <span class='ocrx_word' id='word_1_113' title='bbox 1636 3361 1727 3402; x_wconf 88' lang='lat' dir='ltr'>me</span> <span class='ocrx_word' id='word_1_114' title='bbox 1777 3343 1981 3401; x_wconf 90' lang='lat' dir='ltr'>audire</span> <span class='ocrx_word' id='word_1_115' title='bbox 2028 3343 2201 3401; x_wconf 90' lang='lat' dir='ltr'>idem.</span> 
     </span>
     <span class='ocr_line' id='line_1_32' title="bbox 638 3441 828 3499; baseline 0.005 -1"><span class='ocrx_word' id='word_1_116' title='bbox 638 3441 828 3499; x_wconf 90' lang='lat' dir='ltr'>Dato!</span> 
     </span>
    </p>
   </div>
   <div class='ocr_carea' id='block_1_6' title="bbox 852 3558 1629 3711">
    <p class='ocr_par' dir='ltr' id='par_1_6' title="bbox 852 3558 1629 3711">
     <span class='ocr_line' id='line_1_33' title="bbox 1353 3558 1629 3631; baseline -0.004 -15"><span class='ocrx_word' id='word_1_117' title='bbox 1353 3558 1629 3631; x_wconf 78' lang='lat' dir='ltr'>Opilio,</span> 
     </span>
     <span class='ocr_line' id='line_1_34' title="bbox 852 3653 993 3711; baseline 0 -1"><span class='ocrx_word' id='word_1_118' title='bbox 852 3653 993 3711; x_wconf 90' lang='lat' dir='ltr'>Bee.</span> 
     </span>
    </p>
   </div>
   <div class='ocr_carea' id='block_1_7' title="bbox 2721 1872 2727 2524">
    <p class='ocr_par' dir='ltr' id='par_1_7' title="bbox 2721 1872 2727 2524">
     <span class='ocr_line' id='line_1_35' title="bbox 2721 1872 2727 2524; baseline 0 0"><span class='ocrx_word' id='word_1_119' title='bbox 2721 1872 2727 2524; x_wconf 95' lang='lat' dir='ltr'> </span> 
     </span>
    </p>
   </div>
  </div>
 </body>
</html>
