2752 4170
950 299 1360 344 VETERATOR.
1437 286 1547 350 ΙΙΙ,
1588 289 1636 339 3.

1181 460 1235 516 A
1257 476 1296 517 v
1317 476 1353 516 a
1371 477 1403 515 ι·
1420 476 1458 516 ιι
1479 474 1527 520 s,

1566 565 1683 639 Ah,
1733 566 1987 622 insanio.

384 682 462 716 aso
495 662 669 721 Certe
715 680 907 721 meum
956 668 1269 736 argentum
1315 663 1461 720 mihi
1509 679 1625 720 non
1672 663 1925 724 reddier.

1149 785 1192 844 C
1214 803 1246 844 o
1268 787 1365 844 mi
1389 803 1420 844 o
1440 804 1478 844 u
1499 802 1546 850 S.

494 893 555 951 Si
602 889 887 967 insaniaS,
937 894 1121 951 donec
1168 889 1275 951 tibi
1328 894 1410 951 sit
1456 893 1771 965 redditum,

489 991 763 1051 Insanies
811 993 961 1050 satis
1007 992 1127 1054 diu,

1177 1117 1230 1173 A
1252 1134 1290 1174 v
1314 1104 1351 1174 a
1367 1135 1401 1173 r
1418 1134 1456 1174 u
1478 1133 1523 1174 S.

1160 1223 1398 1296 Precor,
1449 1224 1614 1282 date!

1101 1348 1587 1407 Veterator.

488 1455 651 1512 Dont
696 1455 868 1514 viens
913 1461 981 1512 tu
1029 1473 1289 1514 oaresme
1337 1463 1594 1528 prenant

488 1552 625 1609 Vna
671 1553 868 1611 earnis
915 1552 1030 1612 lies
1072 1554 1325 1626 godman

380 1666 460 1703 σεε
491 1650 573 1707 Et
619 1651 762 1709 lblio
810 1668 957 1710 vous
1005 1652 1237 1724 iglugle
1287 1654 1486 1724 golam

487 1748 752 1806 Henrien
800 1750 1048 1807 henrien
1098 1751 1474 1823 consolapen.

1147 1874 1190 1931 C
1216 1892 1248 1932 o
1269 1876 1365 1932 mi
1389 1893 1420 1933 o
1440 1893 1477 1931 u
1499 1892 1544 1932 s.

483 1979 721 2055 Ignoro‚
773 1981 903 2054 quis
950 1981 1030 2039 sit
1077 1998 1291 2053 serm03
1344 1982 1490 2039 mihi
1537 1982 1688 2038 nihil
1738 1983 1914 2055 sapit.

1172 2107 1226 2163 A
1248 2125 1287 2166 v
1314 2126 1350 2164 a
1371 2125 1403 2164 1·
1421 2125 1459 2164 u
1480 2124 1525 2165 s.

485 2212 583 2268 Ah
630 2230 802 2284 quam
849 2215 1028 2286 probe
1076 2221 1386 2286 aegrotum
1433 2213 1610 2272 facit!

1134 2337 1538 2397 Comicus

1559 2445 1725 2502 Nihil
1776 2462 1972 2519 supra.

1086 2561 1631 2627 Veterator(

483 2674 564 2732 Or
609 2675 739 2748 cha,
788 2676 1094 2733 Renouart
1139 2693 1214 2733 au
1259 2677 1407 2751 tine,

373 2788 452 2825 690
481 2772 568 2830 Be
616 2773 745 2847 dea,
796 2792 913 2845 que
954 2792 1050 2831 ma
1097 2775 1314 2832 eouille
1363 2782 1456 2832 est
1501 2776 1775 2849 pelouse!

483 2870 619 2928 Elle
668 2872 889 2929 semble
924 2889 1052 2929 ,une
1101 2877 1234 2929 cate
1282 2873 1524 2945 pelouse

480 2968 595 3027 Les
642 2969 771 3042 ples
818 2970 973 3043 bieu,
1025 2987 1231 3043 quesse
1280 2972 1379 3043 qui
1429 2969 1697 3044 s'ataque

480 3065 534 3122 A
581 3083 714 3124 men
764 3069 879 3141 cul,
930 3084 1057 3126 esse
1106 3085 1178 3125 ou
1226 3085 1384 3141 ugne
1431 3086 1677 3143 vaeque,

325 3177 452 3223 [cea]
484 3163 616 3222 Vne
664 3181 944 3237 monsque
992 3183 1064 3223 ou
1112 3182 1235 3238 ung
1283 3165 1599 3224 esoarbot?

1136 3289 1535 3349 Comicus.

371 3410 450 3447 696
479 3394 854 3454 Normannus
902 3403 994 3455 est
1040 3398 1137 3456 hio
1185 3413 1408 3469 serm03
1461 3403 1556 3455 sat
1601 3398 1765 3455 nosci
1812 3403 2030 3470 potest.

1165 3523 1511 3580 Avarus

479 3624 629 3695 Quid
675 3628 774 3685 hie
823 3629 935 3686 sibi
982 3631 1114 3688 vult
1162 3627 1390 3686 sermo?
1437 3628 1825 3700 Nunquamne
1872 3630 2046 3687 hodie

478 3722 680 3783 Variis
729 3727 889 3798 loqui
938 3727 1196 3786 cessabit
1242 3727 1340 3784 hie
1389 3725 1797 3785 sermonibus?

2230 281 2311 339 39
