2752 4170
918 266 1370 316 ,AnvocA'rvs
1450 250 1494 312 I,
1541 255 1583 305 l.

895 426 1149 483 ACTVS
1197 427 1245 484 Ι.
1342 426 1655 485 SCAENA
1705 430 1754 487 I.

602 568 1031 641 Antiphila,
1084 570 1325 626 ancilla.
1421 569 1747 644 Racilia,
1798 581 2085 631 matrona.

1076 729 1509 802 Antiphila.

391 851 443 886 30
474 833 692 906 Magno
741 835 915 892 nimis
966 835 1163 893 dolore
1212 851 1274 893 se
1323 836 1526 893 adficit
1571 850 1703 892 mea

474 930 639 988 Hera
684 933 755 990 ob
803 933 1004 990 mariti
1054 934 1318 991 absentis
1365 933 1628 1007 inopiam
1675 944 1863 999 neque

474 1028 549 1086 Se
596 1031 843 1104 respicit
890 1031 1255 1089 discrucians
1302 1037 1560 1088 mentem
1607 1029 1781 1086 male.

471 1127 737 1200 Namque
785 1129 836 1186 is
881 1129 1097 1185 relicta
1144 1145 1323 1186 uxore
1370 1130 1655 1201 nobisque
1704 1124 1969 1184 omnibus

471 1224 675 1298 Nuper
718 1227 968 1284 recessit
1015 1227 1167 1284 clam
1214 1226 1517 1300 profectus
1566 1244 1597 1284 6
1646 1225 1833 1282 (101110.

392 1339 445 1374 35
475 1321 793 1381 Enimvero
842 1331 934 1382 est
980 1325 1071 1382 bis
1120 1326 1355 1397 misera,
1407 1325 1618 1381 marito
1667 1322 1820 1380 malo

475 1419 637 1489 Quae
685 1421 885 1493 nubit;
938 1439 1067 1480 6666
1115 1423 1272 1479 6111111
1320 1424 1527 1503 nequit
1574 1438 1705 1479 cum
1754 1419 1857 1475 illo
1907 1430 2094 1486 neque

473 1518 701 1576 Abesse
749 1520 902 1577 citra
949 1521 1349 1577 offensionem.
1446 1519 1603 1589 Quas
1653 1536 1762 1590 ego

476 1615 901 1675 contentiones
951 1618 1184 1690 sustuli,
1237 1624 1303 1675 ut
1350 1616 1727 1675 defenderem

472 1714 525 1770 A
575 1715 787 1787 iurgiis
835 1716 1038 1772 heram
1086 1716 1285 1772 mariti
1332 1715 1572 1787 perfidi!
2027 1779 2030 1784 ⁴

388 1828 441 1864 40
471 1810 747 1870 Profecto
794 1829 997 1871 verum
1044 1818 1154 1886 est,
1204 1814 1386 1885 vulgo
1434 1811 1751 1885 quod.dici
1800 1811 1985 1868 solet:

474 1908 770 1983 Persaepe
818 1911 1117 1969 libertatis
1166 1911 1457 1968 iacturam
1505 1909 1655 1967 facit

474 2007 775 2082 Magnam,
824 2013 1018 2065 torum
1067 2009 1163 2081 qui
1213 2011 1481 2080 sequitur
1527 2008 1844 2080 genialem.
1941 2004 2024 2061 At
2071 2019 2202 2059 mea

473 2106 637 2162 Hera
685 2108 826 2164 exit.

1144 2223 1510 2281 Racilia.

840 2328 1176 2402 Antiphila,
1229 2330 1458 2387 domum
1508 2329 1605 2386 fac
1652 2318 1907 2399 obseres,

474 2425 566 2483 Ne
614 2443 707 2484 res
756 2427 1082 2485 domestica
1131 2426 1455 2497 auferatur,
1509 2427 1642 2483 dum
1689 2425 1893 2482 redeo!

1088 2586 1571 2660 Antiphila.
1636 2603 1646 2614 ·

389 2711 443 2747 45
475 2693 903 2767 Obtemperabo
952 2699 1014 2751 et
1058 2699 1164 2750 tua
1211 2698 1425 2765 sequar
1471 2693 1632 2750 iussa
1680 2691 1893 2762 omnia,

473 2791 949 2863 Industriamque
998 2808 1322 2864 agnoscere
1369 2796 1436 2847 ut
1484 2807 1663 2862 queas
1710 2806 1918 2847 meam.

1150 2951 1519 3008 Racilia.

478 3058 679 3116 Bonas
727 3058 898 3116 decet
944 3074 1148 3115 servas
1194 3059 1375 3115 herae
1424 3058 1670 3130 negotia

436 3154 700 3233 'Curare
750 3155 972 3228 sedu10,
1022 3173 1095 3212 ne
1146 3156 1282 3227 quid
1331 3155 1642 3212 molestiae

483 3253 763 3327 Obrepat.

1087 3395 1575 3468 Antiphila.

797 3503 1032 3561 Effecta
1079 3503 1278 3561 omnia
1325 3501 1618 3573 invenies,
1668 3502 1831 3571 hera,

394 3619 447 3654 50
476 3601 603 3659 Nec
652 3601 1051 3659 admonitione
1099 3617 1243 3672 opus
1291 3600 1491 3672 habet,
1541 3599 1657 3657 rite

478 3698 591 3768 Qui
639 3699 876 3756 conficit
919 3716 1015 3757 res
1062 3697 1392 3755 universas.

2207 257 2286 315 73
