2752 4170
947 280 1352 324 VETERATOR.
1420 268 1465 332 Ι,
1505 271 1560 335 1;
1597 272 1645 322 2.

1099 439 1153 496 V
1171 458 1203 498 e
1216 445 1242 497 t
1258 458 1290 498 e
1301 459 1332 497 1·
1344 460 1380 498 a
1391 447 1417 498 t
1429 460 1461 499 o
1478 459 1526 499 r.

519 543 652 616 Ego
700 545 1089 629 advocatione
1135 564 1280 605 vera
1326 549 1562 611 nobilis.

1211 671 1427 731 onr.

518 775 703 834 Immo
751 778 1017 836 omnibus
1066 779 1414 852 deceptione
1463 780 1704 841 futtilis.

1108 902 1162 959 V
1176 921 1206 961 e
1218 909 1245 961 t
1261 922 1292 962 e
1304 923 1336 961 r
1352 923 1388 962 a
1403 911 1430 962 t
1446 923 1477 963 o
1490 924 1538 964 r.

520 1008 703 1066 Nemo
753 1010 985 1081 quidem
1033 1011 1264 1084 agendo
1314 1028 1524 1071 causas
1574 1018 1664 1071 est
1711 1015 2056 1086 promptior.

1214 1135 1362 1194 on
1379 1155 1430 1194 r.

519 1240 806 1299 Fallendo
854 1242 957 1299 sed
1005 1243 1272 1314 peritior.
1367 1245 1526 1303 Laus
1573 1246 1722 1303 haec
1768 1245 1899 1302 tibi.

1111 1367 1540 1427 Veterator.

431 1487 490 1523 so
519 1470 748 1530 Placet.
844 1472 993 1541 Quid
1042 1473 1219 1531 inde?
1267 1474 1400 1532 Non
1448 1493 1519 1532 ea
1566 1482 1657 1533 est
1704 1476 1828 1533 illis
1875 1494 2120 1549 quoque,

519 1569 739 1638 Quibus
785 1576 931 1644 toga
977 1577 1068 1629 est
1117 1571 1354 1631 fervens
1403 1574 1529 1632 sive
1578 1591 1891 1648 purpurea,

520 1666 631 1737 Qui
680 1685 741 1726 se
789 1670 1000 1727 volunt
1047 1670 1194 1728 iuris
1241 1671 1434 1729 videri
1483 1670 1802 1730 Scaevolas

517 1765 641 1824 Nec
689 1772 827 1825 sunt
872 1767 1112 1824 tamen?
1156 1767 1275 1826 Sed
1324 1769 1526 1827 demus
1574 1771 1682 1828 has
1730 1770 1989 1843 ineptias

519 1863 789 1922 Silentio.
885 1864 1103 1923 Cenam
1152 1865 1467 1939 parastin‘?

1221 1999 1429 2058 onr.

1548 2089 1719 2164 Quid,
1771 2093 2008 2165 malum,

430 2200 487 2236 ⁵5
520 2184 782 2243 Cenam?
831 2185 1000 2244 Vnde
1048 2188 1144 2245 vel
1193 2187 1376 2259 quid?

1107 2311 1159 2366 V
1177 2328 1207 2368 e
1223 2317 1251 2368 t
1267 2330 1299 2368 e
1312 2329 1342 2368 r
1354 2318 1426 2369 at
1438 2331 1469 2370 o
1485 2330 1534 2369 r.

1383 2417 1526 2491 Ohe,
1579 2419 1856 2491 quicquid
1905 2425 2015 2493 est,
2065 2424 2237 2494 para!

1202 2543 1255 2599 V
1280 2562 1316 2600 x
1337 2562 1369 2601 o
1392 2562 1437 2601 r.

516 2651 841 2708 Accumbe!
892 2650 1020 2707 Iam
1067 2655 1341 2723 paratum
1391 2652 1523 2723 erit,
1576 2652 1725 2723 quod
1775 2653 2040 2711 devores.

864 2801 1119 2861 ACTVS
1165 2803 1214 2859 I.
1319 2801 1633 2860 SCAENA
1679 2803 1761 2861 II.

1127 2908 1488 2967 Comicus,

516 3016 772 3074 Tantum
819 3018 1002 3090 valet,
1054 3021 1336 3088 quantum
1386 3018 1563 3092 sapit⁷
1613 3018 1879 3091 profecto
1927 3019 2117 3075 homo,

516 3115 771 3173 Audisse
819 3132 910 3171 me
959 3115 1029 3172 de
1077 3120 1248 3187 patre
1298 3114 1513 3171 dudum
1561 3117 1680 3173 iam
1728 3133 1867 3174 sene

345 3226 478 3273 [am]
516 3212 646 3271 Meo
695 3212 970 3270 recordor
1016 3230 1124 3270 nec
1173 3212 1407 3284 quidem
1453 3230 1660 3271 verum
1707 3215 1898 3286 magis

437 3327 486 3363 σο
515 3311 843 3383 Quidquam
889 3316 1051 3384 puto,
1102 3311 1268 3383 Esto,
1317 3328 1413 3368 res
1460 3312 1681 3369 habeas
1732 3312 2146 3385 amplissiinaS‚

516 3409 717 3467 Addas
765 3409 1181 3467 inexhaustam
1228 3409 1373 3466 licet
1422 3410 1836 3474 substantiam,

520 3506 864 3580 EpicureOS‚
912 3506 1219 3565 Phaeacas
1268 3523 1486 3580 omneS‚
1539 3508 1787 3579 denique

514 3604 642 3661 Rex
691 3606 772 3662 sis
821 3622 952 3677 age,
1004 3610 1267 3662 attamen
1314 3606 1524 3661 beatus
1573 3622 1690 3661 non
1738 3607 1872 3663 eris.

512 3701 664 3759 Nam
713 3702 850 3774 quid
896 3705 1134 3760 beatum
1179 3709 1240 3760 te
1289 3703 1562 3776 salutem,
1614 3703 1663 3760 si
1717 3702 1885 3771 furis,
