2752 4170
814 264 1216 308 ADvocA'rvs.
1292 254 1402 317 ΙΠ,
1441 258 1501 309 4;
1542 254 1643 316 Iv,
1689 257 1734 309 1.
2185 250 2304 311 105

1179 443 1495 517 Stilpho.

953 549 999 608 Ο
1048 551 1354 622 advocate.
1406 570 1436 608 o
1485 552 1739 625 Racilia‚
1790 553 1985 625 superi

490 647 690 719 Atque
738 647 936 705 inferi.
988 666 1091 706 vos
1139 650 1221 705 dii
1271 650 1532 721 deaeque
1579 667 1779 708 omnes
1826 651 2037 707 misero

490 744 833 802 Succurrite
883 752 1059 818 atque
1109 748 1269 820 inopi
1321 753 1383 804 et
1432 748 1651 820 egeno!

1075 889 1604 949 Timonachus

1645 998 1816 1055 Nunc
1865 1001 1960 1056 ahi

490 1093 569 1149 Et
618 1111 691 1150 ne
739 1095 1022 1151 molestus
1072 1096 1323 1168 amplius
1372 1097 1516 1152 mihi
1567 1097 1711 1154 sies!

1182 1236 1503 1312 Stilpho.

380 1359 468 1394 5170
498 1341 754 1400 Pulchre
800 1344 940 1401 hinc
989 1347 1133 1402 abeo
1183 1345 1460 1416 depexus.
1555 1348 1657 1403 Dii
1708 1348 2085 1404 immortales,
2137 1351 2202 1403 ut

490 1440 602 1497 Est
648 1448 1004 1515 praepotens
1051 1444 1195 1499 haec
1244 1444 1452 1499 belua!
1505 1445 1662 1501 Male
1711 1445 2058 1518 dispeream,

490 1538 622 1596 Nisi
671 1540 867 1612 potius
916 1559 1046 1598 cum
1094 1541 1326 1597 diabolo
1376 1543 1585 1613 quovis
1635 1543 1866 1615 cupiam

486 1636 734 1709 Pugnae
782 1639 925 1695 mihi
974 1656 1096 1696 rem
1143 1656 1271 1696 esse
1320 1646 1496 1711 atque
1545 1642 1698 1696 malo
1749 1658 1877 1698 cum
1925 1642 2229 1698 monacho.

490 1735 683 1808 Caput
731 1743 820 1793 est
868 1738 1057 1808 tuber,
1108 1738 1349 1793 hiscunt
1397 1739 1564 1794 labra
1612 1755 1741 1795 cum
1789 1740 1982 1808 malis,

372 1849 458 1885 575
492 1832 718 1891 Dentes
765 1835 1099 1892 labascunt.
1194 1834 1325 1907 Ego
1373 1841 1575 1892 tamen
1623 1854 1738 1892 non
1790 1838 1974 1894 audeo

492 1929 806 2002 Conqueri.
901 1931 1112 2006 Simili,
1165 1934 1357 2006 credo,
1408 1934 1575 1990 modo
1624 1934 1742 1991 iam
1790 1935 1950 1993 intus
1998 1936 2204 1993 herum

489 2028 802 2087 Tractabit
851 2030 1224 2089 advocatum.
1297 2032 1428 2105 Ego
1479 2034 1684 2090 abeam
1731 2033 1889 2105 hinc⁷
1941 2051 2014 2113 ne
2047 2035 2192 2092 mihi
2226 2034 2307 2091 sit

489 2126 805 2186 Subeunda
854 2132 1217 2188 concertatio
1270 2132 1480 2187 iterum
1531 2132 1882 2189 huiusmodi.

827 2360 1080 2418 AOTVS
1129 2360 1235 2416 IV.
1333 2362 1645 2419 SOAENA
1694 2363 1743 2419 Ι.

546 2520 873 2593 Racilia‚
924 2530 1212 2579 matrona.
1308 2524 1727 2597 Antiphila,
1781 2526 2021 2582 ancilla.

1177 2683 1489 2740 Racilia.

484 2778 665 2835 HeuS.
716 2780 881 2839 heus,
932 2797 1061 2836 mea
1110 2781 1446 2854 Antiphila,
1497 2783 1748 2848 miserae
1798 2783 1916 2839 cito

372 2892 457 2928 580
489 2875 632 2932 Mihi
671 2878 1014 2935 subvenito!

1126 3005 1545 3076 Antiphila.

1059 3110 1202 3178 Quis
1249 3113 1537 3169 tumultus
1586 3117 1677 3169 est
1721 3129 1953 3185 repenS,

485 3205 647 3263 Hera
693 3206 867 3264 mea?

1173 3334 1274 3390 Ra
1294 3335 1491 3390 cilia.

872 3439 1103 3496 Mortua
1153 3458 1299 3498 sum.

1124 3583 1174 3638 A
1196 3588 1271 3640 nt
1288 3584 1356 3656 ip
1370 3585 1478 3642 hil
1495 3603 1550 3641 a.

1335 3690 1697 3748 Prohibeant
1745 3690 1846 3762 dii,
1897 3693 2038 3749 hera
2089 3693 2250 3748 mea!
