2752 4170
1024 272 1438 315 VETERATOR.
1506 259 1574 322 V,
1618 261 1663 311 1.

1182 431 1461 489 Iudex

764 540 893 598 Eho
941 545 1006 597 tu
1055 555 1161 597 nos
1207 545 1384 613 putas

469 639 719 712 Dignos,
769 638 978 711 quibus
1025 642 1259 695 tantum
1304 653 1480 710 pares

322 730 441 792 ‘10⁶5
472 733 881 795 Cachinnum‘?
972 734 1089 792 Vbi
1138 735 1349 808 eredis,
1401 734 1563 806 cedo,

471 834 619 892 'Pete
668 850 796 892 esse
813 832 841 890 P

1083 956 1135 1013 V
1160 974 1193 1015 e
1213 961 1240 1013 t
1261 974 1339 1013 er
1358 974 1395 1014 a
1413 962 1440 1014 t
1460 973 1492 1014 ο
1519 975 1568 1020 r.

899 1064 1124 1137 Aperte
1171 1064 1507 1121 mehercule

314 1175 444 1226 [osb]
477 1163 694 1220 lnludit
739 1163 802 1219 in
848 1167 929 1220 te.
1024 1161 1157 1235 Ore,
1207 1161 1363 1234 vide,

475 1260 769 1331 Quantum
816 1265 909 1319 est
953 1261 1134 1333 probo
1183 1260 1388 1317 vultu!
1483 1258 1598 1317 Sed
1644 1260 1790 1316 heus

474 1359 725 1417 Rectum
772 1364 882 1435 est,
928 1363 996 1416 ut
1042 1358 1419 1416 adversarius

341 1475 447 1511 1060
476 1458 888 1530 Interrogetur
932 1456 1255 1529 paululum.

1186 1580 1463 1638 Iudex

476 1688 717 1746 Dictum
763 1689 982 1761 optime
1030 1694 1142 1761 est,
1191 1688 1278 1745 sie
1328 1703 1559 1745 censeo,

478 1785 799 1859 Cognoscit
844 1787 950 1845 ille
999 1786 1299 1860 quidpiam

474 1884 565 1941 De
612 1884 764 1943 istac
809 1882 919 1942 re?
1010 1884 1140 1942 Eho
1187 1884 1304 1942 huc
1351 1882 1568 1941 aceede
1614 1884 1709 1940 tu!

480 1980 654 2052 Cedo,
705 1982 841 2054 quid
892 1986 984 2040 est
1029 1981 1133 2038 id?

1171 2106 1479 2180 opilia

1179 2213 1322 2272 Ike

1195 2319 1470 2378 Iudex

778 2465 782 2470 -
1351 2428 1540 2485 Ehem

338 2541 453 2581 1065
482 2524 567 2580 Vt,
612 2524 882 2599 Iuppiter
927 2523 1152 2582 febrem
1197 2525 1310 2582 tibi

477 2622 841 2693 Quartanam
889 2624 963 2680 ab
1011 2625 1133 2680 alto
1181 2624 1419 2681 mittere

483 2719 668 2793 Velit,
720 2720 857 2793 quid
906 2720 1059 2778 hoe?
1152 2720 1414 2779 Ludisne
1461 2720 1593 2779 me?

1130 2843 1173 2902 C
1196 2861 1228 2902 o
1252 2846 1349 2902 mi
1372 2862 1404 2902 c
1424 2863 1461 2902 u
1483 2862 1529 2903 S.

430 2978 441 2985 ·
479 2951 758 3009 Facetius
804 2951 929 3010 vidi
977 2952 1129 3009 nihil

479 3048 770 3121 anuam.

1157 3175 1211 3231 A
1232 3191 1271 3232 v
1293 3193 1329 3232 a
1347 3194 1380 3232 r
1398 3194 1435 3232 u
1464 3193 1509 3233 s.

795 3281 964 3354 Nego
1010 3282 1218 3355 Deum,
1269 3282 1386 3339 nisi

337 3396 449 3433 1070
479 3377 570 3435 Tu
617 3378 668 3436 is
716 3395 798 3453 eS,
849 3379 948 3451 qui
994 3380 1177 3437 habes
1223 3397 1482 3453 pannum
1531 3397 1738 3437 meum.

1130 3503 1532 3563 Comicus.

481 3610 639 3668 Ecce
686 3613 842 3669 alter
891 3617 1107 3694 autem.
1202 3612 1538 3685 Advertite,

481 3707 603 3766 Vos
649 3726 885 3781 quaese,
934 3711 1111 3784 paulo
1160 3711 1483 3767 attentius!

2201 251 2279 309 57
