2752 4170
818 279 1226 323 VETERATOR.
1298 268 1511 334 111‚3;
1587 268 1687 322 IV.
2179 268 2265 324 43

447 453 667 525 Egisti.
763 450 1063 508 Habemus
1110 449 1208 506 vel
1257 450 1406 508 satis
1453 451 1635 522 panni
1684 451 1871 525 modo,

449 550 532 607 Vt
576 551 714 607 inde
762 548 930 606 nobis
977 547 1101 606 sint
1145 552 1326 620 togae
1372 548 1811 607 mundissimae.

1103 670 1501 730 Comicus·

335 799 417 834 τεο
448 777 916 839 Mundissimae‘?
1010 777 1124 836 Sed
1170 779 1371 837 hercle
1421 779 1891 851 sordidissimae3

446 879 634 936 Nihil·
662 878 897 951 quidem
943 876 1078 935 istis
1124 877 1395 935 vestibus
1443 878 1774 935 scelestius,

449 976 561 1034 Sed
609 976 760 1050 vise,
812 975 951 1047 quid
998 980 1295 1032 mereator
1341 975 1447 1033 ille
1496 992 1651 1033 nune
1700 982 1863 1048 agat.

1099 1176 1355 1236 ACTVS
1403 1178 1509 1237 IV.
1601 1129 1607 1137 1

334 1324 664 1381 Avarus
746 1320 1113 1379 Comicus.
1193 1321 1480 1394 Opilio.
1551 1321 1774 1380 onr.
1846 1321 2258 1380 Veterator.

961 1464 1016 1520 A
1036 1480 1075 1521 v
1097 1481 1133 1520 a
1150 1480 1181 1519 r
1201 1480 1239 1520 u
1260 1481 1287 1521 s
1334 1464 1615 1536 loquitur.

445 1571 596 1642 Quid
643 1570 800 1629 hoc?
891 1571 1029 1628 Itan
1078 1570 1357 1628 deludere

441 1670 542 1726 Me
589 1669 834 1742 quisque
881 1668 1279 1741 praesumpsit
1325 1667 1480 1726 sibi?

214 1817 223 1820 -
334 1785 416 1821 765
445 1767 617 1840 Hem,
668 1767 832 1825 siene
881 1766 1125 1838 quisque
1174 1765 1372 1825 aufert
1418 1784 1608 1824 meum

445 1865 544 1938 Et,
595 1864 871 1936 quiequid
918 1863 1093 1921 istius
1140 1868 1356 1937 potest,

446 1962 663 2021 Statim
712 1959 970 2034 arripit?
1064 1959 1186 2018 Sim
1234 1979 1345 2035 ego
1393 1963 1573 2020 miser
1675 2018 1683 2024 .

444 2061 574 2119 Rex
622 2060 876 2119 omnium
925 2057 1278 2118 infelicium.

1095 2183 1498 2243 Comicus,

441 2292 510 2349 Id
559 2308 727 2350 omne
776 2292 847 2349 de
895 2309 1090 2364 panno
1140 2292 1303 2349 dolet

333 2407 413 2443 '770
441 2390 566 2463 Illi,
616 2390 765 2447 haec
815 2406 886 2447 ea
934 2394 1027 2447 est
1074 2390 1329 2447 insania.

1124 2532 1476 2590 Avarus

443 2639 525 2695 Et
573 2641 722 2711 quod
770 2640 964 2712 magis
1011 2640 1155 2696 mihi
1205 2640 1386 2711 dolet,

277 2747 415 2799 [d2b]
446 2736 550 2794 Illi
598 2737 714 2811 ipsi
762 2742 1033 2809 agrestes
1079 2738 1309 2810 rustici,

443 2833 688 2908 Semper
734 2836 943 2907 quibus
992 2834 1111 2893 feei
1158 2837 1326 2908 bene,

443 2932 594 2989 Mihi
641 2932 921 2991 auferunt
968 2938 1030 2990 et
1076 2934 1398 2990 detrahunt

331 3047 412 3084 '775
443 3030 657 3088 Meum.

1097 3154 1491 3213 Comicus

550 3300 553 3304 -
667 3262 824 3320 Eece
873 3261 1010 3333 quid
1057 3271 1297 3335 praeter
1343 3263 1502 3320 novi.
1588 3326 1591 3328 Α

1130 3405 1472 3463 Avarus.

442 3510 575 3568 Non
621 3511 821 3569 hercle
869 3527 961 3568 me
1009 3509 1300 3570 fefellerit

440 3608 707 3684 Impune,
755 3609 875 3666 iam
922 3610 1283 3681 praetorium

443 3706 651 3764 Adibit
698 3708 851 3765 hem.
